2786 4510
675 201 717 268 38

371 370 452 436 Gen.
494 372 578 440 868·
604 374 709 440 ltffrea
731 377 797 438 min

475 474 578 544 1387b
602 477 663 542 bea
687 477 825 562 beorges

187 646 188 650 ,
475 581 556 648 1493
603 582 692 648 frean
721 579 822 666 hyrde

303 683 384 748 2111
415 693 448 746 et
471 685 557 751 2237
604 683 801 770 bgendfrean

471 787 552 854 2091
603 787 679 853 <idle
702 787 773 851 nidr

471 892 557 958 2507
603 889 670 954 mid
694 889 903 972 cvealmprea

472 996 558 1060 2545
606 992 700 1078 Grdp
726 991 892 1076 beahpred

471 1099 558 1166 2720
604 1097 666 1162 and
692 1102 872 1180 veorcpeds

471 1199 557 1266 2783
605 1205 669 1263 min
694 1223 776 1264 sraes
800 1200 868 1265 fred

470 1303 555 1371 2811
603 1304 664 1368 heia
687 1303 772 1367 dllne
796 1306 850 1386 (cf.
877 1305 980 1388 p.3tl)

169 1406 287 1490 quibus
309 1406 340 1470 in
365 1407 512 1472 omnibus
535 1417 709 1470 occurrunt
731 1392 918 1472 contractae
941 1405 1074 1486 formae,
1097 1429 1177 1490 quas
1200 1409 1227 1472 si

168 1509 388 1590 dissolvimus,
417 1509 640 1593 quaternarios
664 1533 777 1576 versus
805 1522 894 1574 recte
916 1509 1135 1575 conformatos
1157 1512 1227 1576 ubi-

168 1635 230 1696 que
259 1611 423 1677 efficimus.
471 1611 565 1695 Quae
601 1614 685 1678 enim
720 1636 830 1678 earum
866 1612 1041 1678 dissolutae
1067 1613 1225 1699 syllabam

167 1716 340 1782 radicalem
365 1716 486 1782 habent
508 1716 720 1802 productam,
749 1740 806 1782 eae
836 1727 869 1782 et
891 1715 997 1782 medio
1021 1739 1114 1782 versu
1139 1729 1171 1783 et
1193 1721 1226 1783 in

167 1823 230 1884 tine
254 1831 395 1885 exstant:
425 1831 563 1905 atquae
593 1819 768 1886 dissolutae
791 1820 965 1886 radicalem
989 1820 1146 1908 syllabam
1170 1823 1229 1888 ba·

168 1925 244 1988 bent
273 1925 422 2005 brevem,
461 1946 517 1989 eae
547 1925 607 1989 nisi
637 1925 670 1988 in
699 1925 763 1990 fine
801 1946 911 1990 versus
947 1947 1012 1989 non
1040 1937 1227 1990 occurrunt.

167 2028 332 2093 Nimirum
361 2028 434 2092 illae
462 2027 531 2093 sive
562 2027 667 2094 medio
698 2051 790 2094 versu
821 2027 889 2094 aive
911 2028 944 2091 in
966 2027 1030 2092 fine
1052 2027 1229 2114 dissolutae

117 2144 120 2150 '
167 2153 295 2197 versum
319 2129 464 2196 efficiunt
487 2132 738 2214 quaternarium,
771 2141 804 2196 at
827 2131 887 2195 hae
910 2151 974 2194 non
998 2129 1141 2196 efficiunt
1165 2133 1227 2198 nisi

166 2236 198 2299 in
222 2235 285 2300 fine
308 2236 354 2319 (ᾗ.
372 2237 421 2318 ll).

318 2358 359 2422 cf.
384 2356 484 2421 secv.
508 2359 589 2425 lars
614 2357 748 2422 cessare
772 2361 849 2421 seon
872 2361 929 2440 (=
952 2329 1064 2436 sinin)

419 2476 474 2542 Ori
503 2481 585 2545 1411
611 2479 810 2544 manavealm
834 2483 909 2544 seda
934 2482 991 2561 (=
1013 2450 1127 2562 sehin)

346 2583 388 2648 cf.
412 2579 469 2646 Cri
499 2583 592 2650 1581.
678 2582 682 2594 ’

255 2687 365 2768 Atque
388 2694 572 2751 contractas
595 2685 654 2750 bas
676 2685 796 2748 formas
819 2683 861 2748 ad
878 2705 990 2748 versus
1007 2683 1176 2771 tingendos
1190 2707 1227 2750 re

166 2809 243 2854 vera
276 2787 426 2871 candem,
465 2811 559 2874 quam
596 2789 769 2855 dissolutas
801 2790 865 2855 vim
900 2789 1018 2856 habere
1048 2791 1227 2858 certissime

165 2892 272 2958 evenit
301 2893 395 2957 etiarn
427 2913 443 2956 e
474 2917 502 2955 v.
526 2892 611 2958 Gen.
634 2891 751 2962 acuit.
783 2893 820 2959 B.
838 2890 930 2962 6291.
961 2891 1170 2964 (19111813ι
1193 2905 1226 2960 et

165 2995 238 3062 aliis
261 2996 328 3060 eius
351 2996 490 3082 generis,
513 2996 545 3060 in
569 2997 696 3081 quibus,
726 2997 786 3062 nisi
811 3007 998 3063 contractae
1020 2999 1144 3063 formae
1165 3021 1226 3084 pro

165 3099 330 3166 dissolutis
369 3098 536 3181 cederent,
573 3101 655 3164 falsa
693 3101 918 3166 alliterationis
956 3101 1100 3167 conditio
1132 3101 1227 3168 lieret

165 3205 221 3287 (cf.
245 3205 276 3288 §.
293 3203 338 3286 8).

254 3307 370 3392 Neque
393 3305 508 3372 mirum
525 3303 663 3386 ridetur,
687 3304 774 3388 quod
792 3305 1041 3392 Anglosaxoues
1056 3304 1097 3371 de
1112 3305 1225 3372 formis

165 3415 239 3497 gan
263 3424 295 3476 et
317 3418 405 3498 gaett
416 3409 514 3491 idem,
537 3407 623 3494 quod
640 3407 681 3473 de
697 3411 886 3492 contractis,
903 3410 1097 3492 sentiebant,
1112 3431 1225 3494 quarn·

165 3537 261 3598 quam
286 3537 319 3579 re
342 3537 419 3580 vera
441 3523 630 3579 contractae
653 3536 716 3579 non
740 3526 824 3581 sunt.
853 3519 1022 3601 Apparent
1045 3515 1128 3579 enirn
1151 3514 1225 3581 hice

166 3640 291 3683 versus:

410 3703 446 3768 B.
483 3703 546 3772 386
593 3705 650 3769 hat
672 3707 704 3770 in
727 3708 791 3790 gan

459 3808 547 3876 2031
571 3817 603 3871 et
627 3809 779 3874 2054011
803 3805 858 3868 flet
882 3814 957 3891 gaad

353 3907 436 3975 Gen.
463 3911 549 3979 2231
595 3932 636 3973 ou
660 3909 724 3974 bed
747 3912 810 3995 gau

459 4015 546 4081 2354
591 4016 653 4078 abts
672 4013 748 4078 ford
766 4015 830 4097 gan
