2786 4510
621 223 624 236 .
692 172 710 238 9

243 347 294 410 Ac
310 346 449 432 primurn
465 343 597 428 quidem
611 343 645 408 in
661 341 1072 431 evaug.Harm.Saxonica
1086 325 1232 424 eandem,

168 468 265 532 qnam
293 447 326 512 in
350 447 531 534 Anglosax.
561 444 759 512 carminibus
792 443 1058 512 consuetudinem
1085 465 1232 531 regnare,

168 573 238 637 cap.
252 551 297 617 Il.
320 549 561 617 demonstrabo.
605 547 690 614 Tum
712 549 745 614 in
770 551 924 634 carmine,
947 549 1039 616 cuius
1054 548 1169 614 titulus
1182 556 1232 612 est

170 686 375 800 „Muspilli“,
397 694 557 774 apparent
572 705 700 752 versus:
716 688 770 754 20.
787 660 922 752 Kernd
938 659 1032 753 triola
1047 687 1101 754 21.
1117 657 1232 750 barte

10 851 41 907 ,·
168 799 264 893 vvlse
310 797 500 894 caniani>
529 795 663 904 villis,
700 845 780 906 quos
810 821 1232 889 emendandosesseMbl-

167 927 340 994 lenhoffins
368 927 402 993 in
431 927 540 994 libello
569 925 699 992 suo*de
729 947 830 993 carm.
854 925 1108 994 Wessofontano
1130 947 1165 1011 p.
1191 926 1232 992 14

169 1031 305 1098 censuit.
351 1033 474 1096 Tamen
496 1030 607 1096 nescio
630 1051 670 1094 an
693 1037 726 1094 et
741 1029 1007 1116 Anglosaxonum
1031 1040 1064 1095 et
1085 1039 1233 1096 veterum

170 1133 337 1202 Saxonum
360 1156 511 1200 versuum
526 1131 708 1220 analogiam
724 1133 829 1219 magis
844 1131 1043 1218 sequendum
1059 1133 1113 1218 sit,
1135 1153 1231 1217 quam

170 1259 263 1304 usum
287 1234 425 1303 Otlridi:
455 1236 508 1302 cui
538 1257 636 1321 quum
658 1235 691 1300 in
714 1235 786 1302 aliis
810 1257 937 1320 quoque
962 1257 1127 1322 „pressam
1150 1235 1232 1299 antl-

170 1361 305 1422 quorum
319 1339 560 1426 simplicitatem
575 1338 672 1403 citius
687 1337 853 1421 reliquerit
867 1339 1086 1422 maioremque
1097 1337 1233 1420 numeri,

170 1443 432 1528 aequabilitatem
460 1441 694 1508 adfectaverit“
724 1441 821 1506 etiam
851 1441 936 1507 banc
966 1463 1079 1507 versus
1101 1463 1233 1528 compo·

171 1546 268 1612 nendi
296 1546 488 1612 brevitatem
517 1544 702 1611 offensionis
729 1543 851 1630 aliquid
874 1544 1026 1611 habuisse
1048 1545 1143 1611 facile
1164 1566 1233 1610 cre·

170 1649 237 1715 das.
291 1647 391 1732 Quod
419 1649 542 1713 facturn
571 1669 642 1714 esse
669 1647 820 1731 equidem
850 1649 1029 1714 certissime
1058 1669 1233 1729 censerem,

171 1755 232 1818 uisi
254 1774 305 1818 me
327 1753 390 1818 hoc
413 1751 564 1817 redderet
587 1751 776 1834 cautiorem,
799 1751 898 1834 quod,
920 1761 957 1816 nt
980 1752 1076 1818 modo
1099 1751 1232 1818 demon·

171 1857 288 1939 stravi,
316 1856 447 1921 licentia
475 1855 546 1938 illa,
574 1865 610 1920 ut
636 1855 849 1920 substantivis
873 1864 906 1920 et
928 1855 1100 1942 adjectivis
1122 1867 1155 1921 et
1176 1856 1234 1921 ad·

172 1959 307 2043 verbiis,
328 1959 376 2024 ita
399 1979 457 2024 nec
479 1957 663 2023 verbalibus
686 1958 799 2023 formis
823 1979 882 2022 uec
905 1958 1073 2024 vocabulis
1096 1960 1233 2042 nefus,

170 2069 308 2143 obde,v
331 2071 465 2145 ponne
499 2069 560 2126 etc.
601 2059 799 2128 conceditur.
854 2058 954 2143 Quod
986 2083 1086 2145 quum
1119 2061 1234 2128 eodem

173 2163 270 2230 modo
292 2163 327 2228 in
350 2163 514 2232 Saxonioo
536 2173 688 2250 poemate
711 2185 747 2230 se
770 2163 900 2246 babeat,
931 2165 1064 2230 licentia
1086 2166 1235 2250 profecta

171 2267 299 2333 videtur
320 2292 339 2333 a
361 2269 473 2334 formis
488 2268 666 2352 antiquitus
688 2268 819 2334 ultimas
840 2268 981 2353 syllabas
1003 2269 1234 2354 praebentibus

171 2371 301 2457 longas,
323 2370 440 2436 deinde
463 2381 594 2436 extenta
616 2393 687 2437 esse
711 2369 753 2434 ad
776 2371 856 2436 alias
878 2393 1024 2456 quoque,
1046 2393 1145 2456 quae,
1168 2394 1233 2457 quo

171 2473 287 2540 habitu
320 2483 430 2556 erant,
463 2496 573 2540 earum
610 2473 791 2560 analogiam
824 2474 978 2540 facillime
1011 2485 1231 2559 sequerentur.

175 2575 232 2644 Sic
261 2597 356 2642 casus
385 2576 419 2640 in
447 2577 577 2643 brevem
606 2577 764 2664 syllabam
787 2577 971 2644 desinentes
993 2578 1028 2644 in
1050 2579 1234 2666 analogiam

172 2701 305 2746 casuum
327 2681 505 2764 antiquitus
528 2681 561 2745 in
583 2680 715 2767 longam
737 2680 896 2766 syllabam
922 2682 1154 2764 desinentium,
1176 2683 1234 2748 ad·

175 2781 287 2847 verbia
309 2804 426 2868 uppe,
448 2785 532 2864 bte,
556 2783 647 2847 aefre
670 2784 781 2864 inne,
804 2787 899 2849 sbna
920 2787 954 2847 iu
977 2783 1158 2870 analogiam
1177 2784 1233 2850 ad·

173 2885 356 2952 verbiorum
373 2886 553 2970 antiquitus
568 2886 602 2950 in
626 2888 646 2951 b
664 2886 876 2951 desinentium
892 2885 1050 2952 cecidisse
1066 2889 1145 2953 satis
1158 2910 1234 2973 pro·

173 2988 278 3054 babile
307 3001 366 3054 est.
413 2992 461 3054 At
489 2987 660 3054 verborum
688 3010 746 3053 eae
773 2989 911 3070 formae,
944 3010 1026 3073 qnae
1056 2991 1234 3075 antiquitus

172 3091 399 3158 clauderentur
414 3091 512 3178 longa
528 3091 665 3178 syllaba,
680 3092 782 3157 multo
797 3092 966 3178 pauciores
981 3093 1110 3159 fuerunt
1121 3102 1235 3159 contra

175 3217 325 3282 magnam
353 3195 441 3260 brevi
472 3195 597 3282 syllaba
619 3196 802 3261 clausarum
826 3197 970 3281 copiam,
993 3218 1090 3281 quam
1113 3206 1150 3263 ut
1173 3197 1235 3263 bae

171 3299 202 3362 in
224 3298 351 3363 illarum
374 3299 558 3385 analogiam
582 3298 700 3364 cadere
722 3309 864 3384 possent.
891 3337 930 3346 -

261 3430 415 3498 Ceterum
444 3453 533 3515 cave,
556 3454 596 3498 ne
620 3454 732 3498 versus
754 3432 795 3498 de
817 3432 933 3517 quibus
954 3430 1015 3497 hac
1028 3433 1235 3521 paragrapho

174 3534 403 3618 disseruimus,
425 3559 488 3602 non
518 3546 658 3621 quatuor
685 3535 743 3602 sed
766 3544 832 3602 tres
854 3536 939 3602 ictus
963 3535 1082 3602 babere
1105 3537 1233 3618 credas3

173 3659 255 3723 quae
285 3639 445 3705 sententia
474 3660 571 3723 quam
600 3639 682 3704 falsa
710 3639 770 3719 sit,
799 3647 836 3704 nt
859 3660 898 3703 ex
921 3661 959 3703 eo
981 3639 1070 3724 ipso,
1093 3639 1181 3724 quod
1202 3648 1237 3704 et

173 3742 320 3807 verbales
342 3743 464 3808 formae
487 3753 520 3807 et
535 3742 695 3808 vocabula
718 3742 854 3824 nefne,
876 3749 976 3808 obde
999 3752 1061 3809 etc.
1085 3743 1236 3809 licentiae

173 3845 306 3911 illinon
329 3845 466 3928 cedunt,
495 3847 543 3911 ita
566 3847 744 3912 certissime
768 3870 807 3911 ex
831 3867 869 3911 eo
892 3858 1000 3932 patet,
1030 3845 1117 3930 quod
1139 3868 1236 3912 voca·

173 3949 301 4032 bulum,
332 3949 423 4015 ouius
446 3949 571 4035 syllaba
593 3947 744 4014 radicalis
768 3949 876 4013 brevis
899 3950 960 4030 sit,
989 3952 1036 4014 sic
1059 3971 1122 4014 non
1144 3971 1237 4014 usur·

1382 4057 1384 4141 l
