2786 4510
627 1279 748 1371 caput
769 1280 801 1352 Ι.
897 1359 902 1368 ,

356 1439 418 1520 Dc
446 1439 794 1544 Angiosaxonum
821 1465 865 1518 re
892 1441 1074 1519 metrica.

552 1623 753 1706 -st

275 1756 315 1820 ln
349 1777 538 1840 unaquaque
571 1757 759 1839 quaestione
787 1777 854 1820 rem
882 1764 969 1818 recte
998 1759 1168 1822 tractaturi
1195 1769 1247 1824 est

187 1859 350 1945 proficisci
373 1857 415 1922 ad
436 1859 565 1945 ignotas
587 1857 693 1923 adhuc
717 1881 768 1924 res
785 1858 1025 1946 cognoscendas
1041 1883 1060 1924 a
1075 1863 1161 1925 notis
1177 1865 1246 1947 jam

188 1974 285 2047 atquc
313 1973 464 2029 accurate
487 1963 655 2048 expositis.
707 1963 823 2048 Itaque
846 1963 1067 2049 cogitantibus
1091 1965 1183 2030 nobis
1207 1965 1247 2030 de

190 2067 455 2154 Anglosaxonum
484 2077 553 2132 arte
580 2067 715 2132 metrica
744 2065 973 2149 describenda,
994 2067 1102 2154 leges,
1131 2069 1247 2155 quibus

190 2179 334 2235 veterum
365 2169 541 2235 carminum
572 2169 814 2235 theodiscorum
844 2191 957 2236 versus
989 2171 1138 2237 adstricti
1160 2183 1248 2254 sunt,

185 2276 252 2359 jam
270 2272 391 2339 dudum
414 2297 433 2338 a
456 2273 668 2339 Lachmanno
684 2273 834 2337 inventae
850 2283 947 2356 atque
962 2272 1124 2360 definitae,
1147 2297 1247 2360 quan·

189 2387 260 2442 tum
282 2377 378 2442 ctiam
402 2377 435 2442 in
458 2377 725 2463 Anglosaxonum
749 2377 908 2462 pocmatis
931 2377 1070 2460 valeant,
1093 2400 1248 2462 quaeren-

191 2479 278 2568 dum
302 2490 362 2546 est.
414 2480 459 2545 Et
486 2481 625 2566 primum
654 2478 783 2565 quidem
814 2479 956 2545 omnium
987 2481 1019 2545 in
1044 2482 1249 2568 Anglosaxo·

191 2584 272 2648 nicis
305 2583 500 2650 carminibus
534 2585 728 2650 exstantium
764 2605 914 2650 versuum
942 2607 1092 2671 magnam
1124 2597 1248 2672 partem

192 2687 304 2752 eodem
336 2710 469 2753 numero
499 2688 676 2772 eademque
707 2711 872 2770 mensura,
900 2710 964 2772 qua
993 2689 1247 2756 meridionalium

192 2789 428 2856 Germanorum
450 2801 575 2873 versus',
597 2791 828 2855 conformatam
852 2813 934 2872 esse,
957 2792 1113 2857 neminem
1134 2793 1226 2880 fugit.

342 2927 443 2992 Beria.
483 2929 524 2996 26
571 2901 648 2990 Him
672 2901 720 3010 pia
743 2901 843 3012 Scild
867 2902 965 3012 gavit

481 3067 542 3134 36⁸
565 3039 682 3130 marna
713 3066 752 3130 ba
779 3033 881 3130 mitstc

481 3203 543 3270 85⁸
566 3175 648 3268 ister
671 3177 797 3269 vilniffc

481 3313 824 3436 mmmmm

442 3452 745 3546 mmmmm

438 3587 1130 3701 nwmmffiwmfflu

232 3825 235 3832 .
344 3749 429 3818 Gen.
446 3753 511 3820 676
536 3727 634 3820 baran
658 3775 698 3817 on
725 3727 840 3837 pinum
866 3727 1029 3818 briostirm

444 3864 914 3973 mmfflnfflffla

196 3990 305 4070 quales
329 4013 441 4056 versus
465 3996 496 4056 in
520 3994 655 4076 singulis
679 3996 806 4078 paginis
830 4015 927 4076 saepe
950 4003 1134 4058 occurrunt.

1015 4101 1024 4142 l
1038 4097 1051 4124 ff
