2786 4510
663 151 701 216 15

153 343 265 390 versus
287 329 361 407 pat
383 321 459 387 him
483 320 675 406 adsumptis.
723 324 775 386 An
799 321 947 388 lullum
977 331 1010 388 et
1031 323 1132 408 iylst
1155 345 1211 388 vo·

151 450 206 494 oes
228 425 393 514 pertinent
416 423 457 491 ad
481 424 615 490 latinum
640 424 774 491 verbum
796 425 962 492 fulcire?
985 467 1025 478 -

240 544 365 613 Omnes
381 554 500 628 autem,
523 566 604 629 quos
620 544 682 612 hac
697 546 730 610 in
745 545 953 633 paragrapho
969 545 1076 612 adhuc
1092 555 1212 614 tracta·

153 653 270 734 vimus,
293 672 405 716 versus
428 671 507 715 cave
527 671 568 714 ne
583 650 741 716 ternarios
757 671 827 716 esse
843 649 972 730 credas3
995 651 1115 736 quippe
1131 671 1212 734 quos

153 755 376 840 quaternarios
399 775 481 836 esse,
508 761 545 820 ut
566 775 607 820 ex
629 775 668 820 eo
691 755 764 839 ipso
786 763 889 840 patet,
912 754 999 839 quod
1023 754 1211 841 trisyllabae

154 881 263 941 voces,
284 879 367 943 quae
390 879 454 922 non
476 857 542 923 sint
564 856 755 944 composita,
777 856 926 924 licentiae
941 857 986 923 illi
1003 881 1067 924 uon
1082 857 1213 940 cedunt,

152 966 200 1030 ita
220 960 474 1031 luculentissime
496 983 537 1025 ex
558 959 743 1027 huiusmodi
765 961 925 1028 versibus:

199 1101 237 1168 B.
264 1100 349 1170 1856
396 1097 504 1166 Getta
526 1096 654 1164 leodum
674 1102 680 1180 Ι
701 1097 763 1165 and
788 1067 978 1166 Girdenium

197 1240 236 1306 Β.
261 1240 344 1308 2341
394 1215 462 1303 lind
485 1215 543 1305 viti
562 1237 626 1326 lige
646 1240 651 1322 Ι
671 1230 801 1305 soeolds
828 1207 976 1374 laendaga

199 1377 283 1447 Gen.
300 1379 365 1447 513
408 1378 486 1444 ufau
509 1377 638 1443 alvalda
656 1379 663 1458 Ι
682 1377 753 1442 nele
775 1381 826 1461 pil
847 1343 976 1454 earfeisu
999 1388 1061 1444 etc.

155 1530 307 1616 quibus'
298 1553 332 1595 m
360 1527 525 1609 versibus,
561 1529 588 1594 si
617 1527 706 1616 legas
729 1497 919 1648 Girdmnum
947 1531 997 1597 vel
1027 1531 1188 1649 οατΐὶὶὶΥ
1179 1553 1211 1595 in

157 1670 219 1736 alia
248 1667 388 1754 quadam
417 1667 489 1754 lege
518 1665 559 1732 ad
584 1667 830 1733 alliterationem
854 1668 1049 1754 pertinente,
1085 1669 1125 1734 de
1148 1692 1212 1753 qua

157 1774 230 1859 §.8
258 1771 449 1859 disputabo,
483 1792 610 1857 peccas.
663 1770 837 1836 Praeterea
872 1794 982 1838 versus
1016 1774 1147 1838 ternarii
1179 1773 1211 1838 in

156 1901 252 1944 uuam
275 1875 432 1962 syllabam
456 1875 584 1962 longam
608 1883 706 1960 atque
727 1877 795 1941 ictu
818 1877 1008 1942 instructam
1031 1878 1213 1943 desinentes

157 2005 220 2048 non
243 1989 383 2060 exstant,
407 1987 474 2060 aut,
497 1977 524 2043 si
547 1987 694 2060 exstant,
731 1990 806 2044 sunt
828 1981 1144 2066 speciali'quodam‚
1173 1981 1213 2047 de

156 2107 220 2169 quo
243 2083 482 2149 excusationem
506 2091 630 2166 petant,
653 2081 766 2147 habitu
789 2083 848 2168 (of.
873 2085 902 2169 ξ.
917 2087 966 2165 5).

245 2203 356 2286 Atque
384 2200 481 2265 etiam
505 2199 674 2265 verborum
697 2203 854 2286 praerita,
888 2203 996 2286 qualia
1024 2213 1099 2268 sunt
1127 2227 1213 2268 ear·

158 2306 275 2388 dode,
304 2304 488 2390 pancode
517 2313 580 2370 eto.
608 2305 736 2387 eadem,
765 2327 859 2389 quam
890 2305 985 2370 modo
1008 2308 1214 2393 exposuimus

156 2411 288 2476 licentia
310 2407 457 2474 adhibita
481 2408 668 2494 saepissime
691 2410 794 2475 tribus
817 2411 865 2475 uti
889 2410 1075 2476 accentibus
1096 2411 1129 2474 in
1151 2412 1214 2476 fine

157 2535 324 2594 versuum,
351 2535 415 2578 non
444 2512 559 2576 mirum
583 2521 650 2595 est,
680 2535 777 2597 quum
801 2536 911 2580 eorum
935 2514 1128 2600 principales
1149 2515 1213 2580 lor·

158 2640 228 2684 mae
250 2617 369 2683 fuerint
391 2615 577 2701 paucbde
601 2625 663 2684 etc.
710 2615 761 2682 cf.
787 2618 886 2683 Bebv.
905 2619 984 2686 560:

306 2723 487 2838 praatidon
510 2725 623 2838 piacli
643 2758 648 2838 Ι
668 2733 698 2820 ic
722 2757 788 2821 him
812 2723 942 2840 pecode
969 2755 1010 2840 (ξ.
1028 2757 1062 2838 8)

200 2890 284 2960 Gen.
302 2892 406 2962 2106:
431 2871 532 2979 goldes
555 2863 748 2978 bletsiingel
773 2893 836 2959 and
860 2874 920 2960 evi
942 2862 1095 2982 gpddodb
1119 2898 1162 2980 (ξ.
1179 2896 1213 2978 8)

357 3039 390 3096 et
413 3029 451 3094 B.
479 3026 561 3099 132⁵
584 3013 648 3096 last
670 2999 851 3097 sceavedon

477 3171 557 3236 tul·
584 3147 643 3235 svis
665 3148 776 3236 rixode

477 3305 559 3376 1661’
586 3285 711 3375 Eborot
735 3279 875 3375 eardbdb
907 3319 967 3374 etc.

162 3454 306 3539 Quorum
333 3458 579 3544 praeteritorum
607 3479 706 3542 quum
735 3480 892 3545 nusquam
914 3460 1094 3546 exemplum
1115 3481 1214 3546 appa·

157 3569 241 3643 reat,
271 3560 357 3645 quod
381 3562 479 3628 talem
502 3562 778 3628 acoentuationem
802 3564 834 3628 in
857 3584 953 3630 versu
975 3585 1039 3629 non
1061 3564 1214 3650 patiatur,

158 3663 251 3730 etiam
276 3685 399 3746 versus,
422 3665 532 3749 quales
554 3673 630 3731 sunt
652 3661 692 3730 B.
718 3663 840 3734 1573b=

522 3783 632 3891 sapen
656 3773 813 3870 hifenidi

319 3942 469 4010 u.1asa
515 3921 618 4014 tuost
643 3915 757 4011 axla&
792 3955 853 4008 aa.
