2786 4510
681 191 702 254 4

254 360 394 426 Exstant
417 368 524 426 autem
548 370 715 448 praeterea
738 360 899 447 permulti,
915 361 946 426 in
963 363 1079 446 quibus
1095 363 1226 449 regulae

167 464 323 548 quaedam
358 486 377 529 a
410 464 573 531 veteribus
607 465 712 550 poetis
746 463 924 531 theodiscis
954 473 987 530 et
1016 465 1154 532 maxime
1184 466 1225 531 ab

166 566 298 634 Otfrido
321 566 512 635 observatae
533 567 712 635 laedantur.

656 741 730 827 §2

257 878 307 941 Ac
331 874 468 960 primum
491 873 622 959 quidem
651 874 684 938 iu
708 872 965 964 meridionalium
987 871 1226 940 Germanorum

167 980 313 1046 versibus
342 977 485 1064 syllaba,
514 1000 597 1063 quae
626 977 781 1044 minorem
811 989 978 1044 accentum
1009 978 1106 1044 habet
1128 991 1227 1064 atque

167 1088 200 1151 iu
224 1084 352 1149 brevem
378 1082 521 1147 vocalem
551 1082 679 1163 desinit,
702 1083 762 1148 nisi
787 1082 816 1147 ci
831 1083 933 1148 altera
946 1084 1056 1171 gravis
1071 1083 1229 1165 succedit,

167 1198 234 1270 aut,
257 1187 341 1252 sicut
364 1186 397 1250 in
421 1183 564 1250 clausula
588 1205 626 1249 ac
650 1206 784 1250 caesura
805 1185 854 1267 fit,
876 1186 1080 1252 intervallum
1103 1210 1226 1253 moram

167 1293 278 1374 addit,
301 1290 381 1356 ictui
404 1312 469 1356 non
492 1289 622 1354 sufficit.
668 1285 769 1370 Quod
791 1311 855 1354 non
879 1289 921 1355 ad
945 1291 1227 1379 Anglosaxonicos

165 1417 278 1461 versus
300 1392 461 1480 pertinere
482 1391 634 1458 facillime
656 1391 749 1457 uobis
771 1391 1018 1478 persuademus,
1040 1415 1139 1478 quum
1154 1395 1225 1481 plu·

166 1501 255 1566 rimis
288 1497 368 1563 locis
403 1496 488 1562 illius
522 1495 648 1583 generis
676 1495 821 1582 syllabae
850 1497 1053 1582 reperiantur
1080 1499 1149 1566 ictu
1176 1498 1226 1563 in-

166 1611 317 1671 structae.

254 1705 347 1790 Quas
374 1711 482 1769 tamen
509 1701 651 1788 syllabas
677 1723 743 1767 non
769 1701 941 1768 cuiuslibet
969 1703 1097 1790 generis
1127 1727 1225 1770 voca·

166 1811 324 1889 bulorum,
346 1806 403 1873 scd
427 1806 535 1892 potius
558 1813 719 1871 certorum
740 1805 837 1871 modo
851 1828 921 1872 esse
935 1805 1021 1871 infra
1036 1807 1226 1874 videbimus.

166 1915 264 1981 Nunc
286 1921 394 1978 autem
418 1908 588 1974 nonnullos
611 1929 735 1990 versus,
758 1909 790 1972 in
814 1909 930 1994 quibus
951 1909 1006 1976 illa
1020 1911 1073 1976 lex
1087 1935 1154 1976 non
1168 1911 1227 1978 ob·

165 2027 294 2088 servata
316 2022 462 2102 apparet,
484 2013 531 2079 ita
552 2011 758 2094 enumerabo,
780 2021 816 2077 ut
838 2013 943 2098 primo
964 2014 1038 2081 loco
1052 2016 1134 2081 tales
1148 2015 1226 2081 affe·

165 2146 245 2206 ram,
272 2121 382 2208 quales
405 2117 513 2185 verbis
536 2115 808 2204 Auglosaxonicis
830 2117 865 2182 in
887 2127 1027 2202 veteram
1052 2119 1224 2186 dialectum

165 2226 366 2296 theodiscam
395 2220 587 2289 transversis
617 2219 658 2286 ad
688 2219 823 2285 eandem
852 2221 983 2309 regulae
1006 2222 1225 2304 severitatem,

91 2313 98 2326 ’
166 2354 262 2417 quam
285 2326 463 2396 Otfridiani
487 2347 610 2409 versus,
633 2323 779 2410 adoptati
803 2323 952 2390 evadant.

317 2450 796 2561 mmmmm

401 2637 403 2642 “
428 2616 491 2685 184
536 2587 624 2700 pairh
646 2587 749 2680 slldue
771 2589 825 2680 sid

317 2758 399 2826 Gen.
425 2755 511 2824 213·
535 2726 603 2820 bfer
626 2725 738 2819 rbmne
761 2725 865 2840 grbnd

317 2863 792 2980 meffiffl

447 3033 487 3100 41
536 3003 664 3097 mbdmb
692 3005 821 3116 meuigb

429 3169 489 3238 149
535 3141 621 3235 bibula
643 3140 741 3252 sbrga

423 3310 490 3377 474
533 3279 673 3396 gbmeua
705 3274 831 3392 bugum

315 3446 401 3514 Gen.
429 3442 514 3517 121ι
536 3419 645 3565 metod
669 3418 764 3533 engle
786 3419 866 3510 heht

427 3565 510 3638 100⁵
533 3571 575 3634 bn
597 3571 716 3635 vrtura
737 3565 825 3655 gield

186 3719 220 3776 et
243 3709 284 3776 cl.
309 3708 411 3775 Bedv.
424 3708 489 3778 992
533 3679 597 3772 fila
618 3679 712 3792 para
734 3679 792 3771 vbs

306 3844 488 3916 Gaetulo
532 3818 617 3930 pdra
638 3818 680 3910 in
705 3818 761 3909 vlla

321 3954 927 4066 uwfflffifflw
