2786 4510
595 189 720 298 ⁴37

163 363 304 449 tiquiore
335 374 480 450 tempore
510 361 606 428 fuerit
629 362 790 449 ¹fiftigi,
828 363 874 427 ite
904 371 939 428 61
972 365 1137 452 fiftiges
1167 389 1226 451 pro
1271 385 1276 400 ¹

164 469 217 532 111
224 469 345 554 tigjes
368 466 535 553 procedat.

252 570 375 635 Phoen.
386 571 427 638 92
445 569 600 656 gliidum
624 569 765 656 gimme
781 577 814 634 61
830 567 894 638 303
910 570 1071 657 gladum
1088 572 1225 659 gimme

163 673 280 756 quibus
303 673 344 738 de
369 672 515 738 versibus
538 670 615 756 quid
639 671 720 736 certi
744 671 863 754 dicam,
886 673 1044 739 confiteor
1065 697 1116 739 me
1132 675 1225 761 igno·

166 798 247 840 rare.
294 779 346 840 An
369 775 449 861 gim
472 775 722 856 substantivum,
745 775 866 861 quippe
889 774 1018 859 quode
1041 777 1142 842 latina
1164 777 1224 842 lin·

162 902 228 963 gua
256 880 288 942 in
312 878 609 965 Anglosaxoniesm
638 879 761 944 illatum
793 880 853 960 sit,
886 880 999 963 simili,
1033 904 1097 966 quo
1120 882 1224 947 611666

162 983 293 1048 nomina
315 983 458 1068 propria,
482 982 579 1048 modo
603 1004 730 1047 versum
755 983 937 1048 disturbat?
961 985 1016 1068 (61.
1040 1009 1071 1072 p.
1089 987 1155 1070 60).

252 1091 297 1152 At
323 1087 423 1151 Behv.
446 1087 534 1154 2940
563 1086 653 1172 prius
682 1087 922 1153 hemistichium
949 1111 1014 1154 non
1045 1111 1119 1154 cum
1142 1089 1222 1154 Hei·

161 1191 215 1256 nio
239 1189 502 1276 distinguendum
525 1200 575 1254 est
597 1200 673 1275 post
698 1191 832 1273 volde,
862 1191 918 1256 sed
943 1201 1018 1276 post
1040 1213 1162 1272 sume,
1190 1203 1222 1258 et

160 1297 249 1362 2299
279 1318 341 1360 666
372 1303 447 1380 post
475 1293 792 1378 bcaduveorces,
827 1296 883 1360 sed
913 1307 988 1382 post
1016 1297 1166 1362 hvilum
1189 1307 1222 1362 et

160 1400 225 1466 773
251 1421 314 1462 666
339 1406 413 1484 post
435 1396 621 1462 foldbold
644 1399 701 1462 sed
725 1409 801 1483 post
823 1399 878 1464 he.
897 1437 936 1450 ·-
955 1400 999 1465 ht
1016 1400 1114 1466 Behv.
1133 1401 1219 1470 2679

162 1503 293 1570 -2680
318 1500 520 1567 hemistichia
543 1523 607 1565 non
630 1501 861 1588 distinguenda
883 1513 974 1568 sunt:

319 1703 326 1711 ι
405 1601 512 1674 26799
537 1612 868 1692 meges-strengo

406 1708 513 1776 2680·
535 1708 623 1774 6166
647 1709 865 1775 hildebille

321 1847 377 1913 sed
402 1842 510 1914 26799
535 1819 848 1936 mhgenstrengh
871 1821 957 1914 slhh

403 1984 510 2053 2680·
534 1947 753 2050 61666161
895 1999 897 2002 ·

10 2087 16 2120 '
158 2102 193 2156 et
216 2089 299 2168 Gen.
318 2086 545 2156 9709-977“
569 2110 632 2152 nou

425 2187 510 2259 9769
536 2190 658 2277 hrego
683 2192 798 2276 engle

195 2383 214 2448 d
360 2298 441 2364 977·
464 2293 613 2359 besech
638 2317 684 2358 on
710 2295 859 2360 Abeles
882 2243 995 2381 gield

157 2407 192 2450 se
229 2411 236 2447 ι

424 2501 507 2572 9769
532 2476 654 2590 brego
678 2477 792 2590 englh
816 2477 963 2570 besech

424 2627 509 2696 977·
533 2599 579 2690 in
604 2599 753 2692 1666
775 2600 896 2715 giam.

233 2743 398 2810 Converto
421 2766 472 2809 me
495 2767 580 2810 nunc
603 2744 644 2810 ad
668 2747 827 2812 ternarios
850 2767 962 2811 versus
982 2747 1065 2812 thesi
1082 2767 1214 2831 prorsus

155 2858 314 2931 carentes,
337 2871 472 2934 quorum
489 2849 609 2914 alteros
625 2871 665 2914 ex
680 2849 814 2934 speciali
830 2848 970 2933 quodem
986 2849 1099 2924 habitu
1116 2871 1214 2914 excu-

154 2953 312 3018 sationem
337 2963 457 3039 petere,
479 2953 599 3018 alteros
622 2951 840 3018 emendandos
863 2973 934 3018 esse
948 2953 1139 3019 videbimus.
1161 2955 1213 3019 Ac

154 3056 292 3149 primcm
317 3056 445 3142 quidem
470 3055 543 3122 hice
567 3077 678 3122 versus
700 3056 821 3124 similes
844 3065 933 3122 sunt:

422 3160 460 3226 Β.
488 3160 550 3228 116
595 3157 678 3225 heim
701 3159 799 3226 hhses

479 3262 545 3330 528
590 3266 671 3328 6666
695 3262 795 3330 bidan

479 3366 543 3434 629
590 3373 624 3429 et
647 3364 841 3449 Vealhpehn

476 3469 542 3536 820
587 3468 770 3534 feorh-sehc
793 3467 876 3534 11666

459 3571 542 3640 1036
589 3571 808 3637 6611611666

458 3677 543 3743 12611
590 3674 776 3741 mandrehm
799 3674 882 3742 11666

457 3783 542 3848 1276
590 3779 724 3846 demvm
748 3783 824 3846 6666

460 3883 562 3954 1883*
585 3883 780 3970 6366616666

459 3987 542 4054 1926
589 3987 650 4054 666
672 3987 765 4053 halle.
