2786 4510
665 137 708 203 35

149 317 197 396 (ct
221 309 379 394 ct1881,
405 310 504 390 2453,
528 287 768 393 tstsslsormas
795 310 947 396 vilnjen
972 322 1032 376 etc.
1058 335 1116 398 pro
1143 313 1220 377 vil·

149 418 296 503 nigean
320 425 383 480 etc.
409 411 523 478 cedere
546 414 629 478 infra
653 436 822 498 exponam.
1066 407 1070 418 ’

242 531 372 618 Quibus
405 533 555 599 omnibus
590 531 748 598 absolutis
777 543 901 598 restant
930 557 1094 620 perpauca
1125 546 1157 600 et
1186 538 1217 600 iu

152 639 257 705 Bebv.
281 647 315 702 et
339 637 372 701 in
396 636 506 722 genesi
529 634 752 716 hemistichia,
775 636 807 699 in
832 637 968 720 quibus,
992 661 1090 723 quum
1115 639 1217 705 tribua

149 743 279 808 arsibus
308 751 457 823 utantur,
488 763 547 826 pro
577 751 693 825 quarta
722 740 823 806 thesis
853 754 1004 806 occurrat
1033 741 1097 807 alia
1120 755 1217 829 atquc

148 846 297 932 praefixo
322 845 371 909 vel
398 845 567 930 proclitico
589 845 715 930 syllaba
736 843 874 930 expleta.
909 843 1069 929 Quorum,
1093 860 1129 911 ut
1147 849 1217 932 plu·
1345 883 1351 896 ·

148 953 250 1016 rimos
274 948 480 1014 emendemus
503 949 601 1014 certis
625 951 731 1013 causis
756 948 958 1014 adducimur.

241 1067 328 1134 Nam
352 1067 392 1134 ad
419 1069 517 1134 Bedv.
542 1092 571 1132 v.
590 1065 698 1136 2714δ
718 1071 805 1154 jam,
835 1069 1022 1154 priusquam
1046 1067 1128 1136 hanc
1153 1093 1219 1136 me·

151 1175 271 1238 tricam
306 1171 528 1256 quaestionem
557 1170 653 1254 inivi,
691 1171 885 1257 exemplaris
915 1172 977 1238 mei
1007 1171 1042 1237 in
1072 1173 1217 1260 margine

150 1301 210 1361 pro
236 1275 427 1341 bealonld
446 1273 547 1339 vebll
571 1275 765 1362 scripseram
789 1274 1002 1341 bealonlde
1027 1275 1147 1354 vedll;

241 1395 319 1460 Non
344 1396 428 1460 enim
454 1397 571 1460 bonam
595 1395 790 1460 sententiam
813 1395 971 1480 praebent
995 1395 1107 1462 verba:

198 1524 248 1566 on
272 1500 477 1566 breostum
508 1500 701 1568 bealonld‘
723 1499 827 1565 vebll
851 1502 961 1565 httor
983 1522 1031 1565 on
1053 1501 1174 1566 innan

18 1587 20 1662 l
150 1607 205 1672 ubi
237 1605 445 1687 bealonid,
480 1604 602 1691 quippe
624 1605 808 1669 cuibttor
837 1604 1051 1690 appositionis
1071 1605 1217 1672 locoad·

145 1713 271 1795 jeotnm
286 1707 340 1790 sit,
363 1707 482 1772 nullam
499 1707 559 1771 uisi
580 1706 761 1794 generalem
779 1706 934 1791 perniciei
947 1707 1214 1794 significationem

151 1813 271 1878 habere
289 1811 410 1897 possit3
434 1810 520 1896 quod
536 1811 605 1876 fieri
622 1833 718 1898 posse
734 1832 816 1898 nego
833 1820 930 1896 atque
946 1833 1099 1899 pernego,
1115 1834 1214 1898 quum

149 1918 232 1997 nid,
255 1912 441 1998 ubieunque
464 1914 617 1995 occurrit,
642 1911 804 2000 significet
827 1913 1130 1981 contentionem
1154 1917 1213 1981 vel

151 2018 343 2106 impetum
360 2015 565 2083 autodium
589 2017 649 2082 vel
670 2017 942 2084 inimicitiam.
972 2015 1214 2100 Quamobrem

150 2122 177 2188 si
212 2131 275 2207 pro
308 2121 508 2186 nominativo
538 2122 734 2188 bealonits
758 2121 894 2208 legimus
924 2121 1138 2188 bealonltle
1166 2124 1215 2190 iu·

153 2225 407 2308 strumentalem,
431 2227 592 2291 sententia
614 2227 765 2311 procedit
787 2225 867 2290 satia
891 2225 991 2289 bona:
1018 2225 1085 2308 „Es
1108 2227 1215 2291 wallto

151 2333 182 2394 in
206 2331 312 2396 seiner
334 2329 434 2396 Brust
457 2330 515 2396 das
539 2328 611 2396 Gilt
635 2331 692 2394 mit
714 2328 955 2394 verderblicher
971 2328 1214 2396 Feindsehatl..“

153 2444 187 2498 a
210 2434 251 2498 of.
277 2433 316 2496 n.
333 2435 436 2528 aaut:

219 2553 337 2618 haldo
367 2557 419 2638 pt
448 2553 646 2641 gefrunsn
676 2553 829 2618 hvanan
859 2552 921 2618 sib
951 2552 1073 2619 faehn
1104 2557 1214 2633 arbe,

303 2655 497 2722 bealontd
522 2656 671 2723 biorna.
696 2657 751 2738 (ef.
776 2653 875 2723 Geel.
894 2657 983 2741 781).

241 2774 313 2840 Nec
337 2777 442 2841 minus
466 2785 639 2861 corruptus
664 2775 793 2841 videtur
816 2775 900 2843 Gen.
924 2800 952 2841 v.
970 2775 1075 2843 2320·

481 2880 570 2966 ymb
593 2881 735 2946 seofon
760 2877 867 2960 niht,

151 2982 221 3065 ubi,
247 3005 325 3066 non,
356 2993 391 3047 ut
416 2992 534 3069 „post
558 2992 710 3069 septem
735 2986 924 3063 noetes“,
954 2980 1012 3048 sed
1036 2990 1072 3046 ut
1096 2995 1215 3070 „post

150 3095 338 3174 septenas
354 3089 522 3152 noetes“
542 3087 648 3153 verbis
664 3087 875 3173 exprimatur,
890 3086 1121 3173 cogitationem
1138 3109 1214 3152 con-

151 3211 252 3255 nexus
279 3189 447 3276 efflagitat.
495 3189 541 3255 Et
570 3213 668 3275 quum
698 3190 771 3257 Seel
798 3191 857 3258 10·
892 3189 1130 3256 hemistichium
1160 3211 1214 3254 oc-

151 3303 277 3359 currat:
930 3309 938 3320 ⁸

398 3396 554 3482 symble
577 3396 689 3482 ymbe
712 3396 848 3460 seofon
873 3397 965 3460 niht
1073 3419 1076 3426 ·

150 3499 247 3564 etiam
278 3507 389 3565 nostro
418 3499 491 3564 loco
520 3498 675 3584 symble
705 3497 909 3564 adiciendum
934 3521 1004 3565 esse
1027 3508 1117 3585 puto.
1170 3498 1212 3582 (E

150 3603 254 3668 tribus
277 3603 490 3668 alliteratione
506 3602 688 3668 coniunctis
705 3602 839 3668 vocibus
854 3627 918 3668 una
932 3625 1096 3690 oppressa
1111 3613 1169 3668 est.

241 3721 339 3787 Bebv.
357 3721 441 3789 3181
461 3720 616 3789 Greinius
638 3722 670 3786 in
687 3720 833 3790 biblioth.
850 3724 972 3810 anglos.
989 3721 1028 3787 B.
1049 3724 1062 3788 l
1083 3721 1213 3787 exhibet

23 3937 25 3944 y
150 3815 295 3908 vbruld
324 3817 500 3932 cyninga
530 3846 589 3928 (cf.
620 3847 715 3931 W),
748 3845 783 3910 id
813 3844 899 3930 quod
931 3843 1150 3910 Thorkelinus
1179 3846 1212 3909 in

151 3947 370 4033 manuscripto
393 3947 532 4032 legerat3
556 3959 590 4012 at
605 3951 637 4013 in
654 3949 787 4034 speciali
801 3949 899 4013 Bebv.
914 3946 1054 4012 editione
1065 3945 1212 4012 Gnrndt·

972 4053 1010 4100 3*
