2786 4510
656 166 694 234 31

261 348 367 408 ceals.
414 338 536 404 Phoun.
560 338 621 408 301
654 336 759 421 purh
790 335 879 401 ulad
911 339 974 424 fyr
1005 337 1124 404 Salom.
1146 339 1206 406 129

261 444 350 510 aled
382 444 509 508 laetat‘.
533 479 574 492 -

237 562 309 627 aled
333 560 482 626 vocabuli
507 560 704 646 etymologia
726 558 864 623 obscura
887 567 953 637 est3
978 581 1079 642 neque
1102 560 1206 623 minus

14 709 16 742 ,
148 667 334 746 obscurum,
356 686 452 748 quam
476 663 631 728 rationem
657 662 774 727 habeat
795 661 837 726 ad
854 659 1049 728 Saxonicum
1071 661 1205 726 formam

150 769 212 834 eld
238 779 285 846 (et
301 792 357 833 an:
382 766 477 850 eldr),
500 790 597 851 quum
622 789 680 852 pro
704 767 868 852 anglosax.
884 764 973 830 cled
996 765 1028 828 in
1045 763 1207 831 Saxonioa

148 871 289 938 dialecto
324 880 549 957 exspectemus
583 870 681 951 alid,
720 870 769 933 vel
804 867 893 934 alid.
946 868 1085 933 Accedit
1119 868 1206 952 quod

149 975 445 1044 0882541888
469 974 548 1038 alet
571 974 723 1054 occurrit,
751 994 844 1056 quae,
867 994 962 1056 quam
986 973 1141 1037 rationem
1165 972 1207 1038 ud

147 1078 235 1143 sled
266 1077 402 1160 habeat,
435 1099 497 1142 non
528 1077 641 1140 melius
671 1076 825 1162 intelligo.
871 1074 938 1142 Sed
961 1075 1207 1161 Anglosaxones

147 1181 239 1245 alud
272 1181 360 1244 vocis
388 1179 496 1265 priore
524 1179 666 1264 syllaba,
697 1189 733 1244 ut
755 1180 862 1266 longa,
887 1200 962 1244 usos
985 1200 1073 1259 esse,
1107 1189 1143 1242 ut
1166 1201 1206 1242 ex

146 1307 202 1367 eo,
231 1283 319 1368 quod
348 1283 416 1347 cius
445 1282 586 1348 brevitas
613 1305 769 1367 nusquam
794 1281 975 1347 necessario
998 1280 1207 1367 efflagitatur,

146 1388 193 1451 ita
220 1387 363 1451 maxime
392 1408 433 1450 ex
460 1385 611 1450 infinitivi
639 1384 1206 1472 8881881888(0815801818-

147 1491 259 1572 cescit,
282 1490 368 1573 quia,
392 1490 419 1554 si
432 1489 680 1575 Anglosaxones
702 1487 848 1552 infinitivi
865 1487 950 1552 illius
965 1488 1207 1574 paenultimam,

148 1603 183 1657 ut
198 1594 341 1674 brevem,
363 1593 549 1674 sensissent,
571 1591 641 1656 fieri
656 1613 718 1656 non
737 1599 857 1675 posset,
879 1591 955 1676 quin
970 1591 1074 1656 forma
1096 1593 1207 1656 onul-

142 1700 212 1781 jan
244 1706 301 1760 aut
328 1695 489 1760 onallan
518 1693 718 1780 procederet.
765 1691 919 1759 Ceterum
946 1693 1018 1779 ipso
1049 1703 1151 1760 metro
1173 1695 1206 1759 in

146 1833 296 1902 081580
326 1812 374 1898 id
404 1800 552 1898 ondlrin
580 1832 825 1898 commendatur
853 1832 952 1918 longa
978 1831 1123 1918 syllabae
1151 1833 1206 1898 al·

148 1959 307 2002 mensura.
347 1937 389 2002 cf.
416 1959 450 2022 p.
472 1939 523 2002 25.
571 1934 700 2018 Quibus
738 1934 888 2001 omnibus
922 1935 1079 2020 respectis
1110 1935 1207 2002 facile

148 2040 358 2121 adducimur,
398 2048 435 2104 ut
468 2048 501 2104 et
534 2039 638 2122 alud,
678 2039 780 2122 alet,
818 2038 877 2104 eld
912 2038 1130 2121 substantiva,
1174 2049 1207 2104 et

147 2145 247 2210 verba
269 2145 376 2226 alan,
405 2144 569 2226 onalan,
599 2143 731 2209 intlan
754 2166 818 2208 non
841 2143 1028 2230 germanico
1050 2163 1121 2206 esse
1143 2143 1207 2207 ori·

147 2251 222 2336 gine
246 2269 445 2332 censeamus,
475 2247 534 2313 sed
557 2270 597 2312 ex
620 2247 726 2313 alienu
749 2247 858 2331 aliqua
879 2247 990 2331 lingua
1011 2247 1044 2309 in
1069 2245 1207 2313 Germa·

148 2353 255 2418 nicam
279 2351 384 2430 illata3
409 2350 545 2435 quodsi
569 2360 657 2416 recte
681 2373 700 2415 a
723 2373 773 2415 me
797 2349 983 2414 conclusum
1007 2357 1068 2430 est,
1089 2371 1130 2414 ne
1152 2369 1206 2414 oo-

146 2457 254 2544 gimur
268 2450 411 2539 quidem,
434 2465 471 2519 ut
485 2477 545 2541 pro
568 2454 656 2518 aled
680 2455 860 2520 scribamus
876 2452 988 2535 aeled,
1011 2475 1205 2538 quamquam

145 2559 286 2626 sensisse
302 2559 550 2645 Anglosaxones
566 2559 707 2643 priorem
723 2557 892 2644 syllabam,
916 2566 952 2622 ut
967 2557 1107 2644 longam,
1130 2579 1216 2622 cont

147 2661 327 2729 cedendum
350 2673 409 2726 est.

193 2803 255 2885 11)
279 2800 363 2868 Gen.
388 2799 468 2868 1811
502 2774 632 2887 praga
663 2769 800 2865 sintin
837 2798 939 2864 Andr.
965 2800 1049 2868 1600
1078 2810 1205 2886 prage

281 2903 457 2989 hnagran
481 2902 530 2967 El.
551 2904 636 2972 1239
659 2914 830 2987 prugum
853 2900 1075 2984 prendude.

236 3035 285 3102 Ut
314 3037 420 3102 nullus
448 3048 590 3102 totorum
621 3035 797 3100 carminum
829 3055 939 3099 versus
961 3045 1087 3122 praga
1116 3036 1205 3101 vocis

147 3143 287 3226 priorem
316 3139 472 3225 syllabam
500 3139 632 3204 brevem
661 3138 785 3223 poscit,
812 3139 859 3202 ita
886 3160 955 3202 eam
984 3137 1112 3224 longam
1136 3159 1206 3204 esse

147 3242 327 3310 certissime
357 3243 465 3307 evenit
493 3265 510 3306 e
534 3243 725 3308 nominativi
752 3243 856 3307 forma
877 3251 982 3327 prag
1009 3241 1060 3306 vel
1088 3241 1205 3324 prab,

147 3347 267 3432 qnippe
297 3366 379 3430 qnae
408 3345 435 3410 si
464 3344 617 3410 radicalis
646 3344 773 3430 syllaba
800 3354 886 3408 esset
917 3343 1040 3425 brevis,
1076 3354 1206 3431 pragu

146 3472 210 3514 non
239 3469 311 3514 essa
338 3469 401 3512 non
430 3457 556 3533 posset,
586 3449 685 3529 sicut,
716 3447 804 3533 gifu
827 3454 887 3510 etc.
934 3445 1090 3529 Accedit,
1119 3447 1206 3532 quod

146 3551 279 3618 Raetsel
303 3551 366 3618 203
391 3550 534 3616 occurrit
557 3551 735 3616 infinitivus
757 3557 911 3637 pragan
928 3553 1094 3634 (currere),
1115 3553 1207 3618 cuius

146 3665 179 3722 at
200 3656 305 3741 ipsius
328 3654 463 3740 stirpem
481 3655 729 3741 Anglosaxones
752 3654 891 3720 sensisse
909 3663 945 3719 ut
960 3655 1090 3742 longam
1104 3655 1208 3721 forma

145 3781 205 3826 sua
228 3757 355 3845 prodit,
391 3780 473 3842 quae
496 3768 680 3846 preogan
708 3756 917 3844 procederet,
951 3758 978 3823 si
1001 3758 1100 3844 stirpa
1122 3767 1208 3825 esset

41 3901 45 3908 ·
146 3861 272 3944 brevis,
305 3861 391 3926 sicut
417 3861 572 3948 leogan.
620 3861 730 3944 Quum
755 3871 862 3928 tamen
886 3869 1042 3949 prugan
1072 3861 1206 3928 verbum

145 3965 308 4052 pertineat
336 3961 378 4028 ad
406 3961 573 4048 gothicum
603 3964 736 4028 verbum
764 3967 932 4049 pragjan
961 3964 1117 4029 confiteor
1143 3985 1206 4034 mer
