2786 4510
691 148 735 213 44

371 341 473 426 sttui.
509 359 567 426 591
620 378 659 420 ne
687 332 759 420 feax
783 377 822 419 ne
845 331 888 418 fel

509 497 572 566 592
618 517 658 559 ne
681 470 723 558 lle
745 515 785 557 ne
807 469 900 558 leona

385 633 488 699 Andr.
508 635 571 702 542
617 654 658 718 ge
681 607 744 695 nelli
768 653 808 717 ge
832 607 900 695 tiaor

362 771 464 836 Andr.
492 773 576 839 1424
622 792 662 833 ne
685 745 767 854 span
790 791 829 832 ne
851 745 915 834 ban

315 919 347 973 et
362 909 466 974 Andr.
483 907 572 979 489⁶
617 885 650 973 iti
674 907 737 972 and
762 885 815 972 nti.

271 1046 380 1128 Atque
395 1045 495 1110 nihilo
510 1046 615 1131 magis
632 1043 771 1109 dubitari
788 1050 898 1128 potest
914 1040 953 1107 dc
970 1041 1058 1107 hisce
1077 1042 1242 1109 versibus:

420 1183 458 1250 B.
489 1183 590 1248 tator
616 1158 750 1267 gecpste
772 1157 820 1264 pb

485 1321 572 1388 2516
618 1295 765 1405 gsgrdttc
787 1297 835 1402 pal

504 1459 570 1526 620
615 1432 774 1544 ymbeode
797 1433 845 1540 pl,

376 1594 458 1660 Gen.
485 1597 571 1664 2589
618 1618 658 1659 ne
683 1571 792 1659 dorste
815 1571 863 1678 pai

419 1735 457 1798 B.
484 1735 569 1802 1408
615 1711 765 1800 afereode
788 1711 835 1817 pa

480 1873 586 1939 1311·
613 1849 809 1958 arerutgoae
831 1851 879 1955 pt

180 1980 230 2058 (et
255 1975 352 2038 Beov.
371 1975 434 2041 652
458 1978 593 2060 grette
620 1977 689 2057 pit,
725 1973 757 2038 id
788 1974 874 2059 quod
904 1974 984 2039 liber
1011 1997 1070 2053 ms.
1093 1975 1236 2057 exhibet,

180 2111 369 2177 mutandum
394 2122 443 2176 est
465 2113 498 2176 in
522 2090 706 2198 gegrdtte
728 2091 808 2197 pit).

266 2245 359 2329 Quos
388 2270 498 2313 versus
528 2271 568 2312 ne
591 2249 748 2314 ternarios
778 2269 847 2314 esse
874 2247 999 2330 credas,
1028 2248 1088 2313 tibi
1111 2249 1143 2313 in
1167 2249 1235 2314 ani·

43 2388 46 2394 -
179 2373 264 2414 tuum
294 2351 389 2414 velim
419 2351 553 2418 reducas
577 2374 626 2432 ea,
649 2373 732 2434 quae
754 2373 854 2437 supra
876 2351 942 2436 §.2
967 2349 1147 2436 disputavi3
1170 2352 1235 2417 soi·

177 2454 254 2518 licet
283 2454 421 2520 verbalis
451 2457 572 2520 formae
600 2455 746 2520 ultimam
774 2456 805 2519 in
830 2455 960 2520 brevem
982 2456 1126 2522 vocalem
1149 2455 1236 2522 desi·

176 2568 315 2640 nentem,
338 2560 398 2623 nisi
423 2560 451 2623 ei
475 2561 575 2625 altera
599 2559 725 2645 syllaba
746 2559 855 2646 gravis
878 2557 1044 2641 succedat,
1066 2559 1146 2626 ictui
1169 2583 1233 2626 non

176 2660 333 2725 sufficere.
365 2659 459 2743 Quare
483 2662 605 2750 regula,
629 2683 727 2746 quum
751 2661 780 2727 ei
803 2663 836 2726 in
860 2662 1072 2746 quaternariis
1086 2663 1233 2729 versibus

175 2787 338 2850 perpauca
361 2766 508 2851 exempla
524 2775 715 2854 repugnent,
737 2767 771 2831 in
788 2765 947 2849 ternariis,
970 2776 1007 2830 ut
1023 2767 1078 2850 qui
1093 2767 1232 2833 severio-

175 2869 264 2934 ribus
287 2870 412 2956 legibus
437 2869 585 2935 adstricti
607 2871 682 2953 sint,
706 2879 795 2935 certo
817 2893 883 2935 non
903 2870 991 2936 laesa
1008 2879 1066 2935 est.
1102 2869 1232 2938 Idcirco

174 2973 280 3038 facere
303 2995 367 3038 non
399 2996 586 3058 possumus,
616 2975 692 3058 quin
718 2996 829 3040 versus
851 2973 924 3040 illos
947 2996 1133 3040 censeamus
1159 2997 1231 3040 esse

174 3075 323 3141 binarios.
375 3077 629 3142 Excusationem
652 3088 759 3142 autem
783 3085 891 3162 petere
913 3075 1065 3142 videntur
1085 3086 1119 3142 et
1140 3076 1174 3142 hi
1197 3085 1232 3143 et

174 3201 220 3242 ne
242 3179 327 3244 leof
344 3201 389 3244 ue
411 3179 479 3244 lad
497 3187 558 3244 eto.
582 3200 600 3244 e
620 3187 709 3244 certo
725 3179 896 3245 verborum
912 3179 1035 3263 ordine,
1059 3201 1123 3266 quo
1138 3181 1231 3265 quasi

173 3281 328 3347 formulae
351 3281 508 3367 quaedam
532 3280 657 3366 species
671 3282 837 3368 procedat.
876 3281 921 3348 llt
936 3282 1046 3349 confer
1060 3284 1230 3366 ternarios,

173 3407 254 3470 quos
277 3387 440 3473 superiore
465 3385 668 3472 paragrapho
692 3385 801 3463 attuli3

430 3539 467 3602 B.
492 3540 578 3608 3157
603 3511 784 3625 gevorhtdn
807 3510 859 3623 pai

531 3675 573 3742 31
597 3649 712 3740 crinin
735 3649 783 3759 pi

384 3813 468 3879 Gen.
495 3813 578 3879 1697
602 3784 729 3877 bosdrbn
752 3787 808 3895 pl.
869 3855 874 3863 ,

171 3929 286 3994 Restat
309 3929 371 3992 iam
397 3927 500 3994 del.
526 3929 604 3996 578:
