2786 4510
665 141 707 208 29

153 379 218 422 non
244 353 401 435 versibus,
430 352 541 436 quales
565 359 640 416 sunt
661 328 745 415 mdn
769 373 813 414 ne
837 316 992 412 cunuhn
1017 359 1049 413 et
1070 327 1153 434 pler
1175 373 1215 416 se

156 461 274 580 uulgi
298 502 359 556 eto.
385 487 680 565 adnumeraverim;
720 486 845 553 scilicet
868 487 900 550 iu
924 487 974 571 iis,
997 487 1058 552 nisi
1082 510 1216 554 anacru·

156 599 215 662 sim
246 607 296 681 pe
328 593 489 679 particula
511 592 678 677 [expletam
706 589 878 682 haherent,
914 613 1002 656 arses
1026 615 1081 655 me
1112 601 1144 657 et
1172 593 1217 657 he

159 712 233 766 ante
257 722 295 764 sc
319 711 352 762 ct
379 720 424 762 ue
453 697 560 761 theses
584 695 671 760 nullo
696 704 790 780 pacto
814 694 893 758 ictui
917 693 1109 760 sufficerent.
1158 699 1218 760 At·

160 828 221 891 que
246 802 389 869 eiusdem
413 803 479 866 lere
493 800 629 888 'generis
652 809 701 864 est

407 964 437 1004 v.
463 937 543 1004 Gen.
568 939 655 1007 2845
688 959 723 1002 se
747 905 815 1001 rica
839 913 944 1021 ungar

161 1046 215 1130 qui
245 1046 273 1110 si
296 1043 445 1109 anaorusi
474 1065 514 1108 se
545 1042 681 1107 articulo
704 1040 833 1126 expleta
854 1049 995 1122 careret,
1028 1063 1093 1106 uon
1117 1040 1220 1105 miuus

162 1149 239 1214 false
268 1148 489 1212 conformatus
518 1144 718 1231 procederet.
765 1144 808 1208 Et
831 1145 863 1208 in
887 1145 1002 1210 ceteris
1026 1143 1220 1209 carminibus

160 1253 224 1338 legi
250 1251 331 1316 haec
354 1250 423 1316 eius
445 1250 572 1336 generis
596 1249 755 1334 exempla:
870 1297 879 1312 .

411 1386 515 1454 aaut.
547 1390 589 1454 22
628 1398 673 1472 pe
698 1360 737 1451 at
759 1360 885 1472 gelati

398 1523 502 1592 Gaul.
521 1525 586 1592 183
633 1547 667 1590 se
690 1499 746 1590 litai
774 1499 896 1612 gehvds

400 1665 504 1730 Andr.
520 1665 584 1733 302
625 1685 664 1728 ne
687 1637 757 1730 vird
779 1638 935 1752 gespdnn.

254 1785 377 1852 Confer
405 1793 530 1865 autem,
571 1806 654 1868 quae
689 1784 729 1850 de
758 1785 890 1871 regulae
918 1783 1014 1850 modo
1043 1783 1222 1870 explicatae

163 1892 307 1971 ratione,
341 1912 423 1973 quae
460 1888 591 1954 difficile
627 1889 754 1956 videtur
787 1890 922 1976 intelligi
957 1911 1066 1977 posse,
1100 1888 1222 1955 dissero

164 1996 247 2083 cap.
263 1995 307 2062 11.
331 1995 361 2079 a.
378 1997 409 2063 3.
433 2032 475 2042 -

253 2115 330 2182 Jam
353 2135 428 2179 num
446 2115 701 2202 Anglosaxonioi
722 2125 837 2201 poetae
859 2115 999 2180 ternaria
1021 2113 1225 2181 hemistichia

166 2219 250 2285 thesi
274 2228 333 2284 aut
356 2217 429 2299 alia,
453 2228 550 2302 atque
572 2219 718 2303 praefixo
742 2218 793 2282 vel
815 2218 985 2303 proclitico
1008 2219 1147 2302 expleta,
1169 2228 1224 2283 aut

166 2323 255 2388 nulla
283 2321 430 2388 adhibita
456 2321 624 2404 finxerint,
654 2323 687 2386 iu
716 2322 935 2405 quaestionem
959 2317 1140 2387 iocandum
1164 2334 1223 2387 est.

166 2427 292 2493 Versus
326 2434 451 2507 autam,
488 2425 520 2489 in
556 2426 671 2510 quihus
705 2425 885 2492 tractandis
919 2425 1000 2492 haec
1028 2425 1225 2510 quaestionis

166 2559 245 2624 pars
264 2547 422 2619 versatur,
446 2536 633 2623 singillatim
653 2538 882 2624 perstringam3
908 2546 941 2601 et
955 2537 1011 2620 ita,
1035 2547 1071 2603 ut
1085 2537 1224 2623 primum

167 2641 209 2706 dc
236 2642 276 2707 iis
305 2639 459 2705 disseram
489 2640 653 2722 versibus,
685 2641 739 2725 qui
769 2650 898 2727 praeter
919 2650 985 2707 tres
1008 2664 1097 2707 arses
1119 2642 1226 2724 aliam,

168 2756 266 2830 atque
299 2745 442 2831 praefixo
480 2745 529 2808 vel
563 2745 731 2828 proclitico
766 2746 926 2831 expletam
964 2746 1079 2812 thesim
1108 2745 1227 2810 habere

169 2847 330 2914 videntur.

216 2971 254 3049 1)
277 2968 378 3034 Beov.
396 2969 472 3049 ³32,
495 2967 573 3050 181,
592 2968 669 3048 363,
693 2966 930 3032 hemistichium
956 2967 1098 3031 occurrit
1120 2977 1228 3032 oret-

281 3094 455 3159 mecgas,
495 3082 528 3136 et
557 3073 635 3137 item
665 3069 771 3136 Andr.
796 3072 877 3151 664,
911 3081 944 3136 et
967 3070 1141 3137 Eadveard
1166 3069 1227 3140 11¹³

281 3185 585 3264 oret-mtcgum3
610 3175 728 3261 quibus
743 3177 774 3240 in
791 3177 938 3242 versibus
961 3187 1049 3242 oret
1071 3175 1228 3242 vocabulo

282 3278 362 3346 duos
385 3290 538 3346 accentus
561 3280 703 3346 tribuere
727 3303 789 3347 non
813 3280 979 3346 dubitabis
1002 3289 1160 3366 respecta,
1188 3279 1228 3344 de

282 3417 627 3505 qua§.1ldisputavi‚
650 3387 785 3485 orhttia
808 3429 841 3484 et
864 3385 1031 3485 ini-tuin
1054 3419 1228 3485 formarum

282 3522 536 3588 accentuatioue.

217 3643 256 3725 2)
280 3641 317 3707 B.
341 3642 447 3711 1036·
482 3641 622 3708 editores
651 3643 806 3709 exhibent
834 3643 1071 3710 hemistichium
1100 3640 1229 3707 fetad-

282 3744 418 3811 hlaore
441 3756 474 3811 et
489 3745 593 3811 Andr.
606 3747 690 3816 478·
712 3746 996 3815 fttad·siuces.
1026 3745 1092 3814 Sed
1114 3743 1229 3810 faeted
1317 3829 1323 3836 ·

281 3869 386 3933 nequa
413 3849 521 3915 sared
550 3850 757 3916 scribendum
787 3873 858 3918 essa
881 3861 913 3917 et
937 3850 999 3917 hoc
1023 3849 1229 3938 participium

284 3949 325 4015 ad
354 3951 520 4038 gothicum
551 3953 686 4018 verbum
713 3956 842 4039 fetjan
873 3956 1043 4036 (κοσμεῖν)
1072 3952 1231 4037 pertinere
