2786 4510
682 171 743 237 12·

373 373 478 442 Andr.
514 378 595 444 174·
620 354 671 461 pii
693 353 795 442 scealt
817 345 905 442 fs'ran

303 508 362 574 rut
388 513 430 579 an
453 521 486 578 et
509 515 574 581 520
619 492 677 580 avt
700 492 750 600 pt
773 493 817 581 nt
840 493 887 600 pt

173 611 274 676 etsie
297 633 405 699 saepe.

259 712 363 800 Cujus
389 717 516 803 generis
538 719 571 784 in
594 741 692 786 carm.
716 719 757 786 de
780 721 880 787 Benv.
903 721 1024 787 nullum
1047 724 1228 809 exemplum

172 824 298 882 exstare
317 819 393 903 quin
408 821 484 885 forti
499 821 655 889 debeatur
670 846 763 891 nemo
780 825 851 908 erit,
873 827 929 909 qni
944 824 1080 891 dubitet.
1111 827 1229 911 Neque

172 920 275 1006 magis
303 921 361 1006 iu,
395 945 461 1007 nn,
494 924 561 1009 bu,
595 936 654 1011 tu,
685 928 836 1012 vocibus,
864 939 902 994 ut
930 952 1012 1015 quae
1040 930 1228 1016 saepissime

171 1022 254 1087 thesi
275 1024 454 1110 insequenti
476 1037 619 1112 careant,
641 1031 813 1116 quidquam
830 1032 950 1115 obstat,
971 1035 1143 1117 quominus
1158 1033 1228 1098 lon·

170 1149 229 1212 gas
251 1128 381 1195 vocales
401 1129 592 1200 tribuamus.
616 1135 673 1201 cir

215 1263 253 1328 B.
269 1267 357 1336 2459
403 1245 517 1356 gumen
541 1249 574 1336 in
596 1237 753 1358 geardtim
774 1275 781 1352 Ι
799 1272 910 1358 svylce
931 1251 1004 1357 ptiar
1024 1245 1181 1346 iuvaircn
1269 1288 1278 1302 “

215 1401 298 1470 Sccl.
319 1405 362 1474 60
407 1428 446 1472 ne
467 1377 531 1476 min
554 1387 638 1495 pira
660 1375 747 1498 gridti
765 1411 769 1496 Ι
790 1387 837 1494 pe
859 1414 908 1496 pu
930 1386 965 1475 i'n
987 1376 1095 1479 ihtsst

169 1515 202 1570 et
231 1505 270 1571 de
300 1511 348 1574 nn

258 1644 361 1713 Gaul.
385 1649 428 1717 20
473 1649 542 1714 ‹ifer
563 1627 612 1736 psi
634 1618 724 1717 ntitas
744 1651 750 1734 Ι
769 1628 815 1736 pe
838 1672 877 1716 ve
901 1628 944 1716 nn'
967 1619 1113 1740 dreigai&

341 1757 922 1858 mmmmmmffl

540 1904 886 2011 naamam

540 2064 604 2130 657
651 2041 752 2130 buton
774 2041 821 2149 pe
842 2041 886 2130 ni
908 2043 956 2149 pia
1086 2057 1088 2062 ’

429 2197 513 2264 Gen.
536 2200 599 2270 831
646 2169 792 2268 hamoni
815 2181 859 2268 nit
882 2179 930 2288 pis

167 2311 200 2366 et
222 2301 269 2368 sic
292 2302 394 2368 multo
417 2304 557 2388 saepius.

321 2417 353 2472 et
376 2405 416 2472 de
440 2407 489 2471 bu
512 2417 545 2472 et
567 2412 619 2473 tu:

255 2543 339 2612 Gen.
364 2547 429 2612 574
473 2523 515 2610 cn
539 2515 741 2611 brecstcc'fan
760 2549 764 2629 Ι
786 2525 845 2612 sva
867 2547 914 2612 vit
936 2524 1002 2612 him
1027 2526 1069 2612 bn
1092 2527 1128 2613 ti

360 2682 426 2749 847
472 2703 511 2746 ac
526 2681 578 2747 hie
593 2649 633 2746 (in
649 2658 753 2770 gebed
776 2651 893 2750 fecllcn
913 2689 920 2768 Ι
938 2662 982 2750 bi
1005 2664 1041 2750 tir
1062 2655 1207 2752 atsnmnc

275 2787 314 2852 cf.
340 2783 396 2851 Cri
423 2785 525 2869 1326,
555 2783 666 2851 Phoen
690 2788 756 2855 402

282 2923 333 2989 El.
358 2925 422 2992 605
467 2889 607 3013 tireadig
629 2903 710 2992 avitu
731 2930 736 3013 Ι
754 2903 800 3011 pi
823 2934 899 3012 synt
920 2903 957 2990 ιδ
979 2891 1080 3012 girarti
1104 2925 1146 3007 (ς.
1159 2927 1205 3006 4).

163 3029 202 3095 In
230 3050 329 3094 carm.
360 3027 400 3093 de
430 3028 530 3110 Beer,
561 3039 668 3096 autem
695 3030 825 3094 omnino
853 3029 896 3092 bu
930 3036 963 3092 et
990 3031 1026 3092 tu
1062 3027 1220 3092 voeabula

163 3155 319 3218 nusquam
341 3132 501 3219 leguntur.

647 3305 734 3391 aa

249 3442 288 3507 In
311 3451 456 3508 veterum
471 3440 708 3509 Germanorum
732 3439 866 3506 vocibus
887 3438 1035 3526 proxima
1056 3447 1132 3525 post
1153 3437 1219 3524 syl·

161 3545 269 3612 labam
302 3545 432 3612 brevem
466 3555 603 3612 accentu
631 3546 823 3614 instructam
852 3543 926 3630 ipsa
955 3552 1091 3608 accentu
1118 3547 1218 3607 caret.

162 3649 271 3734 Quam
293 3649 398 3736 legem
423 3658 458 3714 ut
479 3649 585 3735 ipsum
610 3645 777 3714 Otfridum
799 3647 833 3710 in
854 3647 918 3710 fine
940 3667 1091 3712 versuum
1107 3668 1219 3729 qnam·

161 3776 256 3839 quam
286 3753 449 3819 rarissime
476 3754 656 3839 neglexisse
684 3750 771 3836 apud
800 3771 911 3816 omues
941 3759 1070 3815 constat
1092 3751 1153 3834 (cf.
1177 3749 1218 3814 de

160 3877 260 3923 carm.
274 3855 415 3923 Wcssof.
432 3878 462 3940 p.
480 3856 534 3934 133
560 3854 717 3920 Mullcnh.
734 3863 767 3920 et
778 3851 928 3934 Schercr,
952 3851 1092 3918 Dcnkm.
1108 3875 1139 3937 p.
1151 3849 1217 3918 318

160 3969 193 4024 st
214 3958 335 4024 confer.
358 3957 454 4023 ctiam
478 3957 669 4024 Lachmann
693 3955 734 4022 ad
750 3955 838 4021 Nibl.
860 3955 950 4038 118)=
974 3956 1021 4022 ita
1042 3956 1074 4020 in
1091 3953 1216 4042 Angla·
