2786 4510
681 170 723 236 66

274 379 375 444 Β666.
402 335 694 461 ttsslbptrape
719 350 778 441 hit
804 400 851 443 on
875 350 1056 444 minddm
1079 351 1239 443 beva‘nd

171 482 331 568 particula
351 493 404 566 pe
425 489 502 567 post
524 484 625 565 para
649 503 707 566 per
722 503 894 568 syncopen
917 482 1126 567 opprimitur3
1150 479 1239 564 vide,
1322 483 1324 486 ’

172 609 254 674 quae
287 609 363 652 mox
397 585 480 650 infra
509 584 582 649 tulis
610 595 662 669 pe
690 585 868 672 particulae
896 609 1057 674 syncopes
1089 587 1238 674 exempla

173 691 282 757 affero.
721 717 723 722 ·

260 808 354 893 Quae
377 816 483 873 autem
506 807 677 894 trisyllaba
700 809 866 874 ananensis
890 817 922 873 et
944 809 977 872 in
1002 805 1181 873 Greiniana
1203 819 1239 874 et

170 915 203 979 iu
219 913 380 980 Heiuiana
395 909 538 978 editione
553 911 655 999 Β666.
670 913 756 981 2526
773 921 889 995 exstat,
905 922 994 978 certa
1010 911 1237 978 emendatione

171 1019 303 1084 tollitur.
356 1015 480 1082 Versus
509 1016 594 1082 enim
625 1014 787 1085 25241-
802 1017 888 1086 2526
919 1015 1074 1084 Greinius
1101 1016 1149 1082 sio
1179 1039 1237 1081 ex·

172 1123 276 1188 tibet.
321 1221 429 1294 6566
455 1221 576 1288 uene
597 1205 643 1290 '10
666 1223 836 1311 beorges
861 1222 981 1289 mre

321 1366 406 1434 2525
436 1335 589 1448 (fednd)
606 1335 804 1428 oferfledn
829 1364 834 1448 Ι
859 1362 965 1428 66666
988 1370 1088 1450 trem

320 1504 407 1571 2526
432 1524 477 1567 66
499 1524 576 1568 666
599 1501 708 1567 66661
734 1473 906 1568 6666666
930 1508 966 1566 et
987 1473 1144 1583 6661161

592 1617 662 1705 666
684 1613 758 1705 666
784 1613 898 1726 11666
917 1613 1072 1726 666666.

256 1795 295 1861 16
319 1817 413 1861 versu
436 1797 524 1864 2525
546 1769 667 1861 seond
690 1793 883 1861 vocabulum
900 1818 919 1860 a
935 1795 1070 1862 Greinio
1085 1794 1234 1864 additum

168 1945 228 2016 666,
267 1932 355 2020 quod
384 1933 597 2020 manuscripti
626 1906 826 1998 oferfledn
855 1935 961 1999 66666
990 1944 1091 2000 trem
1120 1957 1233 2002 versus

167 2073 255 2162 longi
284 2070 416 2138 modum
440 2093 504 2137 666
527 2071 657 2158 explere
680 2071 790 2138 sensit.
842 2071 965 2136 Tamen
989 2073 1087 2138 etiam
1109 2048 1233 2140 fednd

167 2177 328 2244 vocabulo
351 2177 478 2243 adiecto
502 2198 613 2242 versus
636 2198 838 2263 nequaquam
854 2185 996 2259 sanatur,
1019 2198 1118 2261 quum
1134 2178 1235 2246 verba

167 2284 271 2349 66666
293 2291 392 2348 trem
416 2280 508 2347 alteri
529 2280 734 2348 hemistichio
756 2303 819 2346 non
835 2279 1000 2348 sufficiant
1015 2281 1063 2365 (§.
1081 2285 1124 2365 5).
1163 2279 1232 2350 Sed

167 2395 205 2452 66
226 2387 368 2455 6.-2525
392 2370 533 2467 brevior,
555 2406 652 2470 quam
674 2385 763 2466 11666,
785 2385 832 2450 ita
855 2408 885 2449 v.
909 2385 1015 2454 2526·
1029 2385 1156 2472 longior
1171 2397 1231 2454 666.

168 2487 275 2572 Quam
306 2488 348 2555 ob
378 2511 445 2553 rem
474 2487 606 2554 dubium
637 2509 708 2554 esse
730 2511 793 2553 666
818 2497 941 2574 potest,
964 2489 1041 2572 quin
1064 2489 1164 2555 verba
1187 2511 1232 2556 ao

168 2615 243 2658 une
270 2591 376 2658 66661
406 2590 449 2656 ad
476 2615 507 2656 v.
538 2593 624 2660 2525
648 2592 842 2678 pertineant.
895 2593 1004 2675 Atque
1028 2614 1140 2660 versus
1162 2615 1231 2658 oer-

166 2697 289 2764 tissime
311 2694 389 2760 mihi
412 2692 525 2760 videor
546 2694 734 2761 emendasse
756 2695 819 2760 sic:

167 2837 253 2903 2525
283 2805 478 2899 666661666
509 2805 616 2900 66666
645 2806 744 2898 trem
769 2835 773 2917 Ι
801 2807 844 2897 ao
875 2805 1096 2899 nuntiando
1120 2809 1230 2901 66661

167 2975 254 3043 2526
285 2946 461 3040 6666666
489 2981 531 3038 66
561 2945 689 3039 666116
714 2975 720 3056 Ι
747 2949 1227 3060 66666611666666666.

254 3107 403 3174 Faehso
433 3107 517 3173 enim
548 3129 659 3172 vocem
689 3130 753 3172 non
783 3107 878 3172 modo
907 3108 1128 3174 alliterationis
1151 3131 1229 3176 oon·

165 3210 251 3277 dicio
274 3211 398 3298 posuit,
427 3208 484 3276 sed
508 3209 604 3275 etiam
627 3211 804 3292 sententia,
834 3234 931 3295 quum
956 3219 1133 3278 veoro‘an
1157 3213 1226 3280 sine

164 3316 312 3384 subiecto
343 3324 376 3382 66
404 3314 496 3401 quasi
525 3313 672 3380 absolute
700 3325 889 3401 usurpatum
920 3316 951 3378 in
976 3318 1055 3381 totis
1079 3318 1229 3382 carmini·

164 3421 225 3487 bus
247 3422 365 3488 iterum
388 3443 453 3487 non
476 3429 636 3488 occurrat.
682 3417 836 3486 Ceterum
866 3419 965 3484 tertia
986 3443 1102 3486 vocum
1126 3421 1229 3486 611166-

165 3523 290 3589 ratione
318 3524 503 3594 iunctarum
536 3545 648 3590 rursus
678 3544 834 3609 oppressa
863 3533 923 3588 est.
970 3522 1014 3587 Et
1037 3523 1079 3588 66.
1105 3522 1227 3609 Byrhn.

165 3663 229 3732 247
253 3639 362 3728 61666
384 3629 493 3727 666166
516 3639 618 3749 66666
639 3663 644 3748 Ι
672 3641 716 3727 ao
740 3639 833 3726 ville
856 3637 997 3728 666666
1019 3637 1094 3746 gin

257 3764 356 3848 Quod
372 3765 436 3831 iam
460 3763 502 3830 ad
525 3774 649 3831 ceteras
670 3787 782 3830 versus
798 3764 905 3831 theses
920 3764 1048 3846 attinet,
1070 3763 1102 3828 in
1117 3763 1229 3852 anglo-

164 3869 327 3936 saxouieis
349 3867 558 3952 carminibus,
582 3869 672 3933 utin
695 3865 885 3950 theodiscis,
916 3867 1006 3932 66116
1028 3867 1091 3932 6ἱεί
1114 3888 1227 3932 mono-

164 3970 291 4053 syllaba
306 3969 407 4034 thesis
431 3970 617 4049 adhibetur3
642 3991 725 4052 quae
741 3969 825 4035 enim
843 3979 1019 4034 occurrunt
1035 3968 1226 4055 bisyllabae,
