2786 4510
690 125 732 194 28

179 292 322 378 legerim.
347 331 388 344 -—
419 295 512 378 Quae
542 299 650 362 omnia
677 322 777 384 quum
809 301 855 365 ita
877 301 960 384 sint,
991 303 1084 370 facile
1108 304 1247 370 adduci-

180 419 268 479 mur,
306 409 342 462 ut
370 400 508 486 hyrste
538 424 617 467 voce
648 426 719 468 cum
750 404 893 471 beofon
924 408 1098 472 coniuncta
1121 408 1246 474 seribe-

179 558 266 602 mus=
309 516 463 605 Seenva
498 511 835 630 h'eofon-h'yrstb,
872 566 936 627 quo
970 545 1002 610 in
1037 545 1244 612 hemistichio

178 641 394 726 compositum
430 644 723 733 beofonbyrete
762 648 887 711 coelum
921 649 1017 713 astris
1052 649 1243 715 distinctum

179 757 211 806 et
234 757 381 810 ornatum
406 748 455 812 vel
480 749 601 834 optime
625 751 797 837 signifieat.

271 862 382 946 Quum
398 877 505 933 autem
530 868 670 955 hyrste
694 893 774 935 voee
790 893 863 935 eum
889 870 1037 936 beofon
1059 874 1244 956 composita

176 967 346 1034 inserenda
380 972 423 1035 eit
454 982 528 1037 ante
562 977 685 1060 gerim
721 998 786 1039 vox
820 975 930 1058 aliqua
963 997 1037 1040 cum
1072 975 1244 1041 heofon-

176 1072 318 1156 byrste
341 1074 553 1140 alliteratione
576 1078 760 1159 coniuncta,
784 1101 910 1143 versum
929 1079 1005 1143 mihi
1022 1077 1135 1144 videor
1152 1091 1245 1145 recte

176 1175 363 1242 emendasse
387 1179 471 1271 sic:¹

220 1292 372 1382 Scetva
400 1290 696 1405 heofonb'yrste
727 1321 731 1400 1
763 1294 837 1383 ind
868 1287 993 1386 hidre
1023 1297 1150 1406 gerim

590 1421 755 1487 rodores
778 1422 929 1508 tungol.

219 1525 260 1588 nt'.
297 1521 353 1589 Cri
389 1526 452 1593 693
492 1524 622 1590 haedre
660 1525 954 1613 heofontungol
991 1536 1025 1590 et
1062 1526 1102 1592 de
1136 1550 1238 1596 carm.

594 1629 734 1695 Wessof.
761 1653 789 1714 p.
806 1631 858 1696 27.

263 1747 414 1813 Ceterum
445 1750 574 1834 saepius
602 1773 640 1814 ex
669 1751 773 1815 tribue
801 1749 936 1814 vocibus
958 1750 989 1814 in
1015 1771 1107 1815 versu
1131 1751 1238 1815 aliite·

174 1851 298 1917 ratione
321 1853 500 1918 coniunctis
524 1876 587 1918 uua
608 1877 628 1917 a
643 1854 750 1919 scriba
765 1875 921 1938 oppressa
937 1865 995 1918 eet.
1028 1851 1081 1918 cf.
1105 1855 1144 1919 B.
1163 1857 1238 1936 149,

173 1956 273 2127 316100,
296 1956 395 2038 3086,
419 1957 517 2039 3169,
542 1957 641 2038 3172,
665 1957 752 2026 3178
775 1967 809 2021 et
824 1956 909 2022 Gen.
926 1957 1003 2040 238,
1021 1958 1119 2041 1956,
1134 1961 1235 2042 2253,

173 2062 193 2126 2
219 2063 271 2128 57.

261 2179 435 2244 Praeterea
463 2182 495 2245 in
523 2180 640 2246 ceteris
669 2178 864 2244 carminibus
892 2181 955 2244 tria
982 2181 1046 2267 legi
1075 2183 1235 2268 exempla,

174 2307 255 2366 quae
278 2285 383 2369 primo
407 2284 523 2350 obtutu
546 2283 676 2370 regulae
700 2282 849 2347 videntur
871 2284 1029 2349 resistere.

475 2421 533 2488 Cri
565 2425 645 2492 1431
671 2396 755 2488 vaire
777 2396 823 2507 pe
845 2396 929 2510 geiin

473 2561 540 2626 uu.
577 2564 639 2630 549
666 2535 714 2627 vif
731 2534 777 2647 pe
801 2534 885 2649 geio

446 2700 548 2766 Andr.
573 2701 636 2768 496
661 2673 706 2785 pb
729 2675 854 2788 gelicne

171 2861 306 2922 quorum
331 2851 438 2905 temen
462 2863 502 2903 ex
524 2861 588 2905 uno
612 2825 789 2924 eodemque
805 2837 917 2904 habitu
934 2837 1088 2902 elucescit
1103 2837 1235 2904 aliunde

170 2966 209 3008 en
237 2945 477 3009 exeusationem
510 2953 634 3028 petere:
669 2943 738 3008 nive
768 2941 854 3026 quod
878 2939 1080 3028 Cynevulfus
1108 2940 1169 3006 bae
1198 2941 1231 3006 in

171 3047 341 3113 verborum
366 3048 590 3112 coniunctione
612 3057 665 3130 pe
687 3047 868 3131 pronomini
892 3046 994 3110 maius
1016 3045 1131 3110 tribuit
1153 3066 1234 3130 pon·

169 3153 248 3234 due,
283 3151 315 3216 id
347 3150 433 3236 quod
463 3149 707 3215 commendatur
730 3149 963 3215 consuetudine
985 3171 1062 3231 sua,
1093 3171 1156 3233 qua
1178 3157 1232 3232 pe

169 3258 312 3323 dativum
342 3256 443 3321 multo
474 3255 603 3340 saepius
625 3253 706 3319 facit
729 3254 826 3319 ureim
850 3253 1034 3339 explentem
1057 3253 1126 3319 sine
1147 3253 1233 3317 inee-

169 3364 281 3447 quenti
310 3361 410 3443 thesi,
445 3383 540 3445 quam
575 3360 672 3426 ceteri
698 3369 836 3446 pottae,
871 3360 939 3426 sive
971 3359 1033 3422 alia
1062 3355 1102 3422 de
1132 3379 1232 3422 eausa

168 3468 286 3551 alique.
314 3505 351 3516 -

257 3568 386 3652 Quibus
410 3569 557 3633 omnibns
582 3569 739 3654 expositis
761 3568 825 3631 iam
849 3565 942 3630 i'aeiie
963 3565 1144 3651 intellegam,
1166 3586 1231 3648 quo

168 3675 235 3740 iure
259 3695 356 3758 supra
380 3673 519 3757 (p.¹25):

415 3833 443 3874 v.
468 3809 507 3874 B.
524 3808 607 3876 355·
636 3819 683 3892 pe
706 3785 756 3872 me
779 3829 813 3872 ee
836 3771 923 3893 gbdi

413 3945 496 4010 Gen.
524 3947 607 4013 944·
635 3956 681 4027 pe
704 3923 744 4009 be
768 3967 807 4009 ne
831 3917 913 4008 ebbe
