2786 4510
654 177 696 240 ro

146 347 305 433 efflagitat
333 351 378 434 (§.
399 348 451 431 8).
501 347 715 414 Reduoendas
744 355 853 412 autem
881 369 950 412 esse
981 356 1061 432 puto
1088 349 1209 412 formas

146 455 342 538 sesavJan
371 461 405 516 et
414 451 677 552 seeavigean
707 450 748 516 ad
772 450 970 534 antiquiores
992 455 1208 538 sesavbjan

146 563 205 620 eto.
236 577 319 638 quae
349 565 478 621 exstant
499 557 532 621 iu
562 555 709 642 evangel.
730 555 899 620 harmonia
928 557 1090 622 saxonica.
1113 565 1146 620 et
1169 557 1208 618 ef.

146 692 317 757 saxonicos
339 714 469 757 versus:
493 669 543 778 rip
567 659 725 778 slodjan
749 704 811 757 eto.
830 696 913 778 (cap.
930 691 1010 777 Il§.
1025 695 1069 776 3.)

233 793 387 860 Ceterum
410 819 461 878 ue,
485 795 561 880 qnid
587 796 700 876 velim,
723 796 871 881 ignores,
899 817 1101 880 nequaquam
1127 807 1209 881 puto

145 932 329 1018 trisyllabas
352 935 472 999 formas
495 901 741 1021 seeavigesn
765 944 826 998 eto.
850 933 883 996 in
906 933 997 999 libris
1019 934 1210 999 scribendas

145 1056 216 1100 esse
238 1059 341 1120 neque
364 1037 467 1123 magis
491 1036 697 1102 disolveudas
720 1058 790 1101 esse
813 1036 933 1120 ubique
949 1047 1132 1103 contractas
1143 1038 1210 1102 for

145 1161 231 1222 mas,
259 1149 295 1203 ut
325 1140 405 1204 hebo
434 1149 495 1204 eto.
526 1139 582 1202 sed
612 1139 720 1224 potius
750 1139 976 1224 agnoscendas
999 1163 1069 1206 esse
1092 1162 1210 1204 censeo

81 1305 87 1320 ,
144 1243 290 1308 licentias
312 1244 479 1324 metricas,
503 1265 585 1326 quae
608 1252 715 1306 tauren
739 1243 942 1307 manaverint
965 1266 1005 1308 ex
1027 1244 1210 1327 antiquiore

145 1345 273 1431 linguae
297 1356 400 1412 statu:
430 1344 565 1432 proinde
588 1366 627 1410 ao
650 1344 682 1408 in
706 1343 889 1409 Homericis
910 1347 1070 1430 poematis
1094 1367 1208 1410 conso·

147 1460 244 1514 nante
269 1473 288 1512 r
311 1460 344 1513 et
372 1449 444 1514 aliis
466 1450 631 1534 oppressis
661 1458 752 1512 ortae
774 1455 850 1510 sunt
872 1447 1024 1514 lioeutiae
1047 1449 1208 1534 quaedam

132 1553 309 1616 'metricae
337 1591 374 1602 -

233 1655 308 1720 «Iam
339 1654 425 1739 quod
454 1654 495 1718 ad
521 1653 603 1720 Gen
631 1678 656 1718 v.
679 1653 784 1720 1113·
818 1653 974 1742 (lytligsu
999 1654 1057 1738 eft)
1081 1654 1208 1733 attinet,

145 1770 252 1823 utrum
284 1758 453 1824 verborum
485 1757 565 1870 or'do
600 1756 825 1838 invertendns,
868 1780 908 1822 an
944 1757 1051 1823 medio
1080 1779 1209 1842 quoque

145 1901 238 1943 versu
262 1879 465 1944 aooeutuatio
489 1847 661 1968 lytligau
685 1878 838 1964 patienda
862 1880 922 1960 sit,
952 1880 1124 1946 decernere
1144 1902 1208 1944 non

146 1982 257 2056 audeo.
283 2020 324 2030 —

234 2084 339 2150 Venio
362 2085 404 2150 ad
428 2084 514 2150 aliud
532 2083 694 2168 quoddam
720 2107 833 2170 genus,
857 2086 947 2151 euius
963 2084 1056 2150 hioe'
1049 2106 1080 2148 m
1095 2085 1207 2170 genesi

146 2211 258 2256 versus
281 2202 440 2275 apparent

407 2295 537 2362 612111
587 2297 662 2358 dder
687 2289 791 2356 Cham

454 2393 536 2464 1623
583 2397 632 2459 far
656 2395 746 2460 Noes

451 2501 533 2567 1123
581 2523 655 2564 earu
678 2499 768 2563 Noas

453 2605 534 2669 1551
583 2601 659 2668 Sem
684 2602 746 2665 aud
772 2599 876 2665 Cham

452 2707 534 2774 1617
583 2702 672 2770 Chus
696 2704 758 2769 and
784 2702 886 2768 Charn

450 2805 557 2876 1736¹²
581 2830 624 2872 on
646 2806 771 2872 Carran

451 2913 534 2980 1963
580 2913 618 2976 of
637 2911 762 2977 Sennar

448 3017 531 3081 2211
583 3016 639 3080 vid
659 3012 780 3080 Sarran

345 3119 431 3183 2727
455 3117 599 3184 612760
623 3119 657 3180 16
680 3115 801 3182 Sarran

248 3239 288 3302 of.
313 3263 343 3324 p.
361 3238 403 3306 36
427 3247 460 3303 st
481 3237 548 3304 Jul.
565 3240 607 3306 25
632 3237 813 3302 Helisaeus.
841 3237 884 3306 28
899 3237 1051 3303 Juliauan

145 3340 262 3424 quibus
300 3342 403 3406 aliena
440 3343 571 3407 nomina
599 3342 731 3428 propria
763 3341 1004 3406 exeusationem
1039 3337 1205 3424 praebant.

145 3442 262 3508 Alieno
292 3444 374 3508 euim
404 3445 531 3508 nomine
561 3445 693 3530 proprio
723 3444 756 3508 iu
786 3465 882 3508 versu
910 3452 1087 3530 apparente
1115 3441 1205 3528 leges

145 3545 293 3610 metricas
317 3545 492 3611 disturbari
516 3557 548 3612 et
572 3548 735 3633 rythmum
752 3545 843 3610 reddi
863 3545 1091 3632 confragosum
1106 3543 1205 3608 etiam

145 3671 185 3712 ex
222 3670 261 3712 eo
300 3657 423 3733 patent,
460 3649 546 3732 quod
584 3649 666 3715 iufra
705 3649 744 3715 de
782 3648 997 3713 alliteratione
1030 3645 1205 3732 disputabo

232 3851 359 3932 Quibus
389 3853 537 3918 omnibus
567 3853 724 3918 absolutis
750 3855 906 3938 perpauci
936 3862 1060 3919 restant
1089 3871 1204 3918 versus

144 3953 275 4018 ternarii
298 3953 394 4034 iique,
418 3955 472 4035 qui
496 3955 646 4020 facillime
670 3953 835 4022 emendari
858 3955 993 4038 possint.
