2786 4510
680 91 722 157 26

259 259 356 324 Tales
380 282 491 326 versus
508 259 627 327 Saxon.
645 262 790 348 evangel.
807 261 994 326 harmoniae
1018 273 1146 348 poetam
1172 287 1240 328 non

171 362 319 445 linxisse,
355 363 412 428 sed
444 365 551 449 potius
576 365 711 429 consilio
734 375 767 429 et
790 388 829 427 ex
852 363 1012 429 industria
1037 365 1156 432 vitasse
1180 367 1240 432 de-

170 467 356 533 monstrabo
382 467 464 553 Cap.
482 469 524 532 ΙΙ.
549 471 578 552 §.
596 469 627 534 3.

258 569 356 652 Quod
387 582 490 636 entem
522 594 562 636 ex
585 594 622 636 eo
646 573 729 657 ipso,
759 572 846 656 quod
871 572 950 638 haec
975 573 1235 640 accentuationis

169 673 300 738 licentia
322 675 355 738 in
379 675 418 738 iis
441 674 602 738 rarissime
626 673 789 759 procedit,
812 675 908 740 facile
931 676 1139 760 intelligitur,
1163 699 1234 739 ver-

151 773 222 840 'sus
246 775 316 840 illos
339 777 497 842 ternarios
520 777 746 858 severioribus,
775 799 872 861 quam
895 779 1129 862 quaternarios,
1152 778 1233 864 legi-

169 879 228 944 bus
257 880 430 946 adstrictos
458 903 544 961 esse,
578 881 610 944 id
648 881 827 946 certissime
861 891 953 967 patet
987 905 1028 946 ex
1056 882 1120 945 alia
1150 903 1231 965 qua·

167 983 241 1048 dam
266 1006 310 1048 re.

254 1086 291 1150 In
315 1087 528 1170 quaternariis
552 1087 635 1150 enim
659 1087 807 1152 versibus
831 1110 930 1172 quum
945 1109 1010 1151 non
1027 1085 1125 1151 modo
1140 1087 1229 1172 apud

168 1189 432 1274 Anglosaxones,
469 1188 525 1254 sed
555 1190 651 1253 etiam
681 1189 769 1275 apud
797 1189 1022 1256 meridionales
1045 1187 1230 1255 Germanos

166 1292 290 1378 syllaba
314 1293 431 1375 brevis,
454 1294 506 1358 cui
530 1293 631 1358 altera
654 1295 763 1380 gravis
787 1293 953 1376 succedat,
975 1293 1125 1358 omnibus
1147 1293 1229 1360 locis

164 1398 243 1462 ictui
268 1399 419 1480 sufficiat,
443 1398 606 1462 tamenin
630 1398 780 1464 ternariis
802 1398 865 1463 illis
887 1398 1035 1484 proxima
1059 1406 1133 1461 ante
1155 1396 1228 1462 the-

164 1502 225 1565 sim
258 1501 399 1586 praefixo
436 1502 486 1565 vel
521 1501 692 1586 proclitico
727 1501 889 1587 expletam
924 1501 1026 1566 arsis
1062 1509 1225 1586 oportet

163 1605 282 1690 longa
309 1606 361 1670 sit
393 1605 452 1669 vel
479 1604 520 1668 in
550 1613 838 1670 consonantem
871 1603 1040 1669 desinat.
1088 1601 1152 1668 Cui
1176 1626 1226 1668 re·

163 1709 257 1796 gulae
292 1705 403 1773 subtili
438 1708 471 1772 in
499 1729 597 1772 carm.
629 1707 669 1772 de
698 1707 799 1772 illene
827 1718 860 1772 et
889 1706 929 1772 de
959 1707 1059 1773 Bedv.
1089 1728 1225 1793 prorsus

162 1811 268 1876 nullus
298 1832 410 1876 versus
441 1821 610 1895 repugnat.
657 1808 751 1892 Quae
781 1819 888 1875 autem
917 1811 949 1875 in
981 1807 1226 1876 Gaedmoniana

162 1914 271 2001 genesi
304 1914 451 2000 exempla
484 1914 589 1998 primo
619 1913 734 1978 obtutu
765 1914 916 1978 videntur
946 1915 1112 1994 resistere,
1145 1914 1226 1978 talia

162 2027 253 2099 sunt,
282 2031 318 2083 ut
346 2019 399 2084 lex
423 2041 485 2085 non
509 2018 596 2083 laesa
618 2017 675 2083 sed
701 2017 809 2102 potius
833 2019 1012 2085 certissime
1035 2017 1227 2084 confirmata

161 2121 289 2187 evadat.
338 2126 388 2189 Ac
425 2123 563 2209 primum
597 2121 725 2205 quidem
755 2120 790 2185 hi
819 2143 932 2187 versus
963 2121 1060 2188 simili
1087 2130 1224 2186 utuntur

162 2226 289 2293 habitu:
617 2320 623 2341 Ι
676 2321 682 2342 ⁸
774 2321 780 2342 Ι

484 2349 548 2416 697
594 2346 688 2412 niede
711 2348 808 2413 onfdn

465 2487 547 2553 1759
594 2459 673 2550 ealle
697 2460 799 2552 onfdtl

461 2625 548 2690 auro
594 2595 707 2707 vapsi
730 2597 828 2688 ouran

460 2762 547 2831 2918
592 2733 673 2827 sitsi
695 2733 793 2826 onfdn

459 2901 546 2971 2330
592 2873 644 2966 He
666 2873 763 2966 onfbu
787 2873 872 2966 scial

478 3039 543 3106 953
589 3013 668 3104 imit
690 3012 808 3104 ontbbn

177 3172 210 3229 et
234 3162 333 3228 adde:
358 3161 462 3226 Andr.
477 3160 541 3229 783
587 3135 679 3247 gistri
703 3134 801 3228 onfdn

153 3269 187 3334 in
215 3267 332 3352 quibus
361 3276 548 3331 contractae
570 3265 693 3331 formae
722 3265 844 3331 onfbn
874 3272 907 3327 et
935 3263 1094 3338 ontebn,
1126 3259 1217 3344 quin,

151 3371 180 3439 si
204 3394 267 3436 non
292 3368 549 3455 pronuntiandae
572 3369 652 3452 sint,
685 3378 721 3434 ut
744 3367 920 3434 dissolutae
943 3363 1118 3431 onfahan
1146 3385 1216 3428 on·

150 3475 315 3553 rabban,
354 3484 462 3537 tamen
491 3469 524 3537 in
557 3496 650 3539 versu
680 3498 740 3559 pro
771 3470 936 3538 dissolutis
966 3468 1083 3533 cedant
1112 3477 1144 3532 et
1172 3466 1214 3530 ad

147 3601 280 3651 versum
310 3576 496 3664 lingendum
524 3577 672 3658 eandem,
713 3600 809 3661 quam
837 3575 927 3656 illue,
970 3573 1032 3636 vim
1061 3570 1215 3650 habeant,

123 3705 215 3780 ,ron
245 3681 410 3747 dubitabis
439 3682 517 3745 satis
542 3682 703 3766 cogitato,
739 3678 826 3763 quod
856 3700 931 3742 mox
959 3678 1045 3742 infra
1072 3675 1112 3739 de
1141 3673 1214 3738 tali·

114 3806 211 3888 με
240 3785 350 3850 formis
380 3782 563 3868 disputabo.
610 3781 719 3864 Quem
754 3780 796 3846 ob
829 3802 897 3846 rem
932 3779 978 3844 illi
1008 3799 1120 3844 versus
1149 3797 1214 3840 non

96 3892 188 4005 βά
216 3889 373 3953 ternarios
396 3888 570 3972 pertinent,
592 3885 648 3952 sed
673 3884 714 3949 ad
738 3884 962 3968 quaternarios
985 3893 1083 3964 atque
1097 3881 1214 3945 horum
