2786 4510
690 121 729 186 16

176 294 224 356 ita
244 291 372 379 legendi
394 291 555 372 videntur,
579 301 615 356 ut
637 291 821 376 praeteritis
843 302 909 356 tres
924 290 1108 357 tribuantur
1122 312 1236 358 accen·
1323 286 1329 294 ’

176 405 238 461 tus.
262 433 304 443 —
329 395 377 459 At
405 415 534 476 eorum,
562 416 698 478 quorum
729 394 828 479 stirps
857 393 1033 479 antiquitus
1064 416 1127 459 uon
1156 395 1187 458 in
1217 400 1235 460 ὃ
1313 430 1319 440 ,

176 496 288 562 sedin
312 498 322 562 i
346 496 454 578 desiit,
485 497 731 583 praeteritorum
756 518 852 562 unum
878 498 947 562 eius
973 499 1102 584 generis
1129 518 1236 562 exem·

178 600 264 684 plum
293 602 412 686 reperi:

437 735 520 802 Gen.
547 736 634 805 ‘2840
681 715 762 801 burh
787 706 945 801 timbrede

176 872 275 957 quod,
298 895 492 958 quamquam
517 873 746 958 paenultimam
771 872 869 939 habet
893 874 1069 957 antiquitus
1093 874 1235 954 brevem,

174 987 281 1043 tamen
313 977 479 1042 ferendum
510 999 580 1043 esse
609 988 689 1062 puto
719 989 751 1043 et
781 979 929 1044 excusari
959 999 1016 1059 eo,
1045 975 1131 1060 quod
1161 987 1235 1041 ante

174 1137 190 1178 r
212 1122 441 1179 consonantem
466 1113 588 1179 vooalis
611 1135 670 1198 per
692 1136 858 1200 syncopen
881 1135 1037 1200 oppressa
1060 1124 1110 1178 est
1125 1091 1235 1196 (tim-

174 1217 351 1333 be'rede).
388 1251 429 1317 of.
459 1273 489 1335 p.
520 1260 553 1313 et
583 1273 613 1335 p.
639 1260 672 1314 et
694 1252 734 1315 of.
764 1249 828 1317 Hel
853 1249 960 1320 52l3l
991 1252 1069 1340 hugi
1101 1222 1235 1320 twlflidl

174 1393 265 1477 (pros
295 1355 468 1470 twlfelida)
499 1400 533 1455 et
556 1388 636 1471 ¹vido
665 1387 706 1454 ad
735 1411 790 1470 ea,
825 1410 907 1474 quae
941 1389 974 1453 in
1002 1399 1115 1455 sextae
1139 1412 1235 1475 para·

172 1493 288 1582 graphi
309 1493 373 1558 fine
395 1492 541 1579 pluribus
565 1491 689 1558 dissero
713 1492 754 1556 de
776 1499 960 1558 remanente
982 1493 1041 1559 tali
1064 1493 1096 1557 vi
1111 1493 1234 1558 vocalis

173 1619 368 1682 quamquam
392 1618 450 1682 per
472 1617 639 1683 syncopen
662 1596 727 1660 iam
750 1616 934 1682 oppressae.
953 1634 992 1648 -
1008 1618 1040 1680 p.
1056 1595 1111 1663 83.
1156 1593 1232 1660 Jam

173 1724 250 1766 num
282 1701 338 1766 illa
372 1692 627 1765 aooentuationis
663 1699 794 1764 lieentia
832 1699 938 1764 medio
974 1720 1102 1783 quoque
1137 1720 1233 1765 versu

172 1803 306 1868 concedi
340 1802 473 1885 debeat,
508 1803 697 1886 quaestione
731 1801 795 1867 hoo
823 1801 896 1867 looo
923 1803 1168 1888 praetermissa,
1197 1812 1234 1866 ut

172 1929 236 1991 qua
257 1906 298 1972 de
320 1928 355 1971 re
377 1906 450 1970 loeo
474 1904 515 1969 de
538 1926 633 1969 versu
656 1904 797 1969 ternario
820 1905 969 1970 absoluto
993 1905 1122 1971 demum
1144 1919 1233 1972 reete

172 2011 338 2095 disputare
360 2008 438 2074 mihi
461 2007 572 2074 videar
595 2030 702 2093 posse,
722 2007 764 2073 ad
788 2008 876 2073 aliud
899 2008 1062 2093 quoddam
1084 2031 1185 2095 genus
1200 2025 1233 2074 et
1298 2059 1301 2062 -

171 2115 277 2200 ipsum
298 2112 340 2178 ad
363 2113 641 2179 aooeutuationem
666 2112 830 2196 pertinens
852 2125 992 2177 transeo.

261 2249 310 2317 Ut
330 2250 432 2338 igitur
454 2251 487 2314 in
501 2249 564 2315 fiue
580 2273 728 2316 versuum
752 2221 891 2338 dagam
912 2261 946 2317 et
964 2229 1232 2317 saorla-banau

172 2355 290 2422 atalia
312 2355 381 2420 eius
403 2355 531 2440 generis
552 2353 743 2438 procedunt,
766 2355 813 2421 ita
827 2356 924 2421 etiam
941 2356 1127 2443 trisyllabis,
1149 2376 1233 2440 quse

172 2459 309 2544 primam
325 2456 446 2522 habent
461 2457 603 2537 brevem,
619 2457 762 2522 secunda
776 2458 874 2544 longa
887 2459 1049 2524 interdum
1064 2481 1128 2524 non
1144 2468 1234 2524 earet

172 2570 318 2641 accentu,
346 2583 410 2645 quo
433 2560 573 2624 efficitur
596 2560 1025 2640 accentuatiodesoandens3
1049 2561 1102 2626 oui
1124 2571 1231 2627 tamen

169 2664 320 2730 licentiae
354 2673 443 2729 certa
478 2672 604 2728 tantum
636 2661 795 2727 voeabula
827 2663 956 2731 cedunt.
1013 2665 1062 2729 Ao
1089 2664 1229 2750 primum

172 2767 303 2852 quidem
332 2769 378 2832 sio
409 2767 558 2853 cyning
586 2766 736 2832 vocabuli
760 2787 855 2832 oasus
879 2779 912 2833 et
933 2769 966 2832 iu
989 2768 1137 2833 omuibus
1161 2771 1230 2832 An·
1328 2798 1332 2803 ’

171 2871 296 2957 glosax.
326 2871 484 2958 poematis
513 2879 546 2936 et
567 2870 600 2934 in
624 2892 739 2956 evang.
763 2870 931 2935 harmonia
953 2869 1115 2937 Saxouioa
1137 2890 1229 2932 usur·

169 2983 298 3059 pantur,
320 2983 353 3040 et
375 2975 514 3040 maxime
537 2974 570 3038 in
593 2973 803 3057 compositisr

417 3111 458 3176 of.
482 3110 521 3176 B
546 3111 566 3178 2
611 3108 722 3192 peud-
708 3077 870 3241 -oyninga

416 3246 568 3316 Β.1099
613 3243 741 3310 heah·
704 3211 866 3381 -oynlnga

480 3387 566 3453 1155
611 3391 709 3451 eoro·
695 3351 870 3520 ·oyninges

480 3523 568 3593 2503
612 3523 715 3589 Fres·
700 3490 862 3657 ·eyplpge

482 3661 570 3730 3094
614 3660 723 3745 perid·
710 3661 887 3747 ·oyningas

374 3796 458 3865 Gen.
504 3797 569 3867 237
616 3798 751 3866 heofon·
738 3764 898 3886 ·oyninge

293 3910 346 3993 (of.
363 3909 441 3991 494,
465 3910 541 3992 565,
564 3909 641 3990 659,
664 3908 729 3976 666
752 3918 786 3973 et
808 3909 910 3975 multo
933 3907 1074 3993 saepius)
