2786 4510
163 1641 348 1782 Perquam
379 1716 482 1782 pauca
511 1704 601 1776 sunt,
629 1717 711 1780 quae
739 1694 845 1761 adhuc
869 1699 1024 1780 temporis
1048 1696 1108 1761 viri
1133 1695 1222 1761 docti

163 1817 399 1883 constituerunt
413 1815 453 1882 de
468 1824 539 1881 arte
553 1816 688 1880 metrica
703 1825 735 1880 et
747 1815 1014 1902 Anglosaxouum
1030 1827 1063 1882 et
1079 1825 1221 1882 veterum

163 1934 339 2004 Saxonum.
375 1935 456 2000 Post
479 1935 562 1999 enim
584 1932 829 2017 Schmellerum,
852 1936 907 2020 qui
923 1957 940 2000 e
956 1935 1103 2002 versibus
1118 1934 1221 2004 Saxo·

163 2055 255 2121 nicae
284 2054 524 2142 evangeliorum
553 2053 738 2120 harmoniae
768 2076 864 2118 unam
887 2055 992 2142 legem
1015 2054 1057 2120 ad
1081 2055 1221 2120 allitera-

163 2173 260 2239 tionis
287 2173 504 2239 conditionem
527 2173 741 2258 pertinentem
764 2171 945 2238 enucleavit
961 2173 1062 2255 (Abh.
1086 2174 1117 2239 d.
1143 2173 1219 2240 bair.

165 2291 268 2358 Acad.
285 2292 324 2357 Β.
340 2295 376 2371 4;
396 2293 494 2376 1847)
518 2314 652 2378 eamque
676 2314 716 2356 ue
738 2292 818 2358 eatis
842 2291 971 2377 quidem
995 2304 1147 2359 accurate
1161 2315 1222 2360 nec

163 2413 224 2493 ite,
253 2421 290 2476 ut
316 2434 384 2476 rem
406 2411 603 2489 absolveret3
639 2433 732 2475 nemo
755 2409 830 2475 huio
853 2410 898 2475 rei
922 2433 1056 2497 operam
1078 2413 1221 2496 navavit,

162 2529 223 2594 nisi
246 2527 293 2594 M.
318 2527 474 2609 Heinius,
509 2530 564 2614 qui
588 2551 708 2614 paucae
735 2528 977 2594 observationes
1005 2530 1156 2596 metricas
1179 2531 1222 2596 ad

162 2648 296 2712 alteram
317 2670 408 2714 suam
425 2647 570 2714 Beovulfl
586 2647 758 2714 editionem
776 2645 913 2730 addidit,
936 2649 981 2712 ita
996 2657 1115 2732 tamen,
1130 2659 1167 2715 ut
1182 2672 1222 2716 ne

163 2776 333 2832 conaretur
355 2765 482 2850 quidem
507 2788 561 2832 eae
585 2766 681 2831 certis
705 2765 906 2832 documentis
930 2767 1067 2851 probare
1090 2779 1123 2833 et
1146 2791 1222 2834 con·

162 2885 298 2950 firmare.
345 2884 460 2968 ltaque
483 2907 601 2970 operae
625 2885 763 2969 pretium
788 2885 863 2950 mihi
889 2887 990 2951 visum
1015 2896 1079 2970 eet,
1105 2887 1222 2973 quibus

162 3003 289 3091 legibus
322 3004 465 3070 metricis
495 3006 624 3089 utrique
653 3001 800 3070 Saxones
830 3007 861 3068 in
892 3006 1125 3092 componendis
1153 3007 1221 3074 suis

162 3122 359 3190 carminibus
381 3125 428 3189 uti
451 3124 608 3206 solerent,
631 3124 825 3202 accuratius,
849 3147 946 3210 quam
969 3125 1077 3191 adbuc
1098 3127 1220 3192 lactum

161 3252 222 3324 eet,
237 3242 270 3308 in
287 3243 508 3327 quaestionem
524 3265 643 3310 vocare
659 3255 702 3325 et,
723 3253 876 3328 quantum
894 3265 1033 3329 possem,
1050 3244 1221 3332 diligenter

163 3360 353 3427 describere.

250 3477 326 3561 Qua
359 3480 392 3544 in
426 3480 614 3564 quaestione
649 3480 733 3544 hauc
761 3481 845 3544 viam
875 3481 1040 3567 ingressus
1068 3502 1156 3563 eum,
1185 3491 1222 3545 ut

161 3597 301 3682 primum
330 3619 348 3661 e
373 3595 531 3662 Beovullo
566 3606 599 3660 et
622 3593 863 3662 caedmoniana
900 3598 1009 3685 genesi
1047 3606 1080 3662 et
1114 3595 1220 3684 Cyne-

161 3715 301 3783 vulliana
324 3713 428 3780 Elena
450 3715 559 3780 firmas
581 3714 737 3800 quaedam
761 3715 850 3802 leges
873 3705 1074 3781 enuclearem
1097 3725 1131 3782 et
1152 3737 1220 3782 cer·

160 3833 203 3900 tis
224 3832 426 3901 documentis
449 3833 631 3920 probarem,
654 3832 781 3915 deiude,
808 3845 962 3918 quantum
985 3835 1046 3902 hae
1061 3836 1149 3922 leges
1166 3857 1220 3899 va·

160 3953 261 4018 lerent
296 3954 328 4017 in
359 3953 475 4018 ceteris
503 3973 630 4037 quoque
660 3951 855 4018 carminibus
884 3963 1112 4038 perscrutarer.
1163 3950 1219 4019 Sic

1003 4062 1012 4102 l
