2786 4510
577 989 767 1070 VITA.

619 1213 724 1222 ..an-—

136 1353 299 1488 Natus·
315 1443 385 1488 sum
408 1419 613 1486 Hermannus
634 1418 821 1512 Friderious
843 1419 965 1485 Paulus
988 1419 1151 1487 Sohubert
1173 1419 1206 1485 d.

143 1526 189 1591 X.
213 1525 281 1594 Jul.
306 1519 607 1591 MDCCCXLVII
630 1523 796 1590 Meseritzi
827 1532 918 1610 patre
944 1524 1094 1591 Jahanne
1123 1545 1207 1592 nune

144 1629 299 1714 temporis
320 1627 353 1692 in
368 1627 541 1693 seminario
559 1624 778 1692 Cusselinensi
801 1628 1047 1694 exercitationes
1067 1629 1207 1694 musicas

145 1731 348 1816 moderante,
381 1740 484 1797 matre
505 1731 660 1818 Augusta
688 1754 705 1796 e
738 1740 835 1818 gente
861 1729 1098 1798 Joukisehiana
1125 1731 1209 1798 caris

143 1835 223 1902 mihi
246 1846 279 1900 et
302 1834 408 1901 adhue
431 1834 666 1921 superstitibus.
715 1834 915 1900 Litterarum
938 1835 1128 1902 rudimentis
1149 1834 1208 1902 im-

145 1941 243 2006 butus
271 1961 343 2006 sum
373 1939 513 2026 primum
541 1932 574 2004 iu
597 1937 675 2006 ludo
698 1937 839 2026 quodam
862 1940 1008 2026 privato,
1037 1937 1153 2005 deinde
1175 1937 1208 2004 in

144 2043 256 2110 schola
283 2042 414 2130 publica
436 2043 620 2123 Meseritzi3
650 2042 734 2109 unde
764 2066 861 2130 quum
885 2056 978 2131 pater
992 2041 1208 2110 Cussalinum

145 2147 401 2235 transmigraret,
424 2147 518 2214 huius
534 2147 647 2234 oppidi
663 2148 867 2234 gymnasium
885 2149 1089 2233 frequentare
1105 2146 1208 2234 coepi.

145 2251 367 2334 Maturitatis,
395 2251 482 2336 quod
511 2249 641 2334 dieunt,
668 2251 852 2318 testimonio
880 2251 1057 2319 instructus
1084 2251 1160 2318 inde
1189 2274 1209 2316 a

147 2377 221 2419 vere
250 2354 325 2420 anui
349 2351 635 2420 MDCOCLXVI
661 2377 721 2442 per
747 2377 845 2420 uuum
868 2365 1022 2422 semestre
1045 2353 1210 2442 Gryphis·

146 2455 286 2541 waldae,
308 2479 367 2544 per
395 2467 519 2544 septem
549 2457 692 2523 Berolini
720 2457 917 2546 philologiae
946 2458 1054 2525 studio
1078 2454 1209 2545 operam

145 2560 274 2625 novavi.
311 2559 439 2628 Scholis
456 2561 586 2626 interfui
603 2558 876 2649 Gryphiswaldae
894 2585 951 2627 vv.
965 2560 1023 2627 dd.
1036 2561 1209 2645 Bucheler,

145 2660 288 2750 George‚
310 2664 428 2744 Hofer3
454 2664 596 2730 Berolini
617 2688 675 2733 vv.
691 2665 752 2730 dd.
770 2666 899 2750 Bonita,
915 2667 1038 2754 Haupt,
1062 2665 1210 2749 Httbuer,

141 2763 329 2850 Kirohhoff,
351 2766 556 2851 Mullenhoff,
579 2765 752 2852 steinthat
774 2769 1051 2857 Trendelenburg,
1074 2760 1234 2852 Weber,‘

145 2867 264 2953 quibus
297 2869 375 2936 viris
411 2871 533 2958 optime
568 2871 608 2936 de
641 2895 693 2938 me
721 2873 845 2938 meritis
873 2873 995 2960 gratias
1024 2895 1086 2960 ago
1114 2895 1210 2958 quam

144 2993 310 3038 maximas.
